price,qty,timestamp,bs,ml,bucket
571.910000,0.413473,1527825618.970200,b,m,201806010400
571.910000,5.000000,1527825618.977800,b,m,201806010400
571.910000,5.000000,1527825618.980700,b,m,201806010400
572.300000,0.160000,1527825618.984100,b,m,201806010400
572.520000,0.034000,1527825618.986500,b,m,201806010400
572.560000,0.025000,1527825618.989200,b,m,201806010400
572.580000,0.027000,1527825618.992300,b,m,201806010400
572.630000,0.028000,1527825618.995600,b,m,201806010400
572.640000,0.035000,1527825618.998200,b,m,201806010400
572.640000,17.464000,1527825619.000900,b,m,201806010400
572.650000,0.032000,1527825619.003700,b,m,201806010400
572.660000,0.032000,1527825619.006800,b,m,201806010400
572.660000,1.749527,1527825619.009600,b,m,201806010400
571.720000,0.216000,1527825626.768400,s,l,201806010400
571.720000,0.409214,1527825629.831500,s,l,201806010400
571.510000,0.175000,1527825630.677500,s,l,201806010400
571.510000,4.825000,1527825630.981100,s,l,201806010400
571.500000,0.174978,1527825630.984900,s,l,201806010400
571.280000,4.080022,1527825630.987600,s,l,201806010400
571.280000,9.080000,1527825631.879300,s,l,201806010400
571.280000,4.290978,1527825632.584500,s,l,201806010400
571.020000,2.990000,1527825632.588400,s,l,201806010400
571.000000,11.169000,1527825632.591900,s,l,201806010400
571.000000,6.416022,1527825632.594600,s,l,201806010400
571.000000,7.280978,1527825639.977200,s,l,201806010400
570.510000,10.000000,1527825643.678900,s,m,201806010400
570.510000,6.100000,1527825645.378900,s,l,201806010400
570.510000,58.645286,1527825645.480800,s,l,201806010400
570.030000,0.699767,1527825680.994200,s,l,201806010401
569.990000,0.500000,1527825687.836500,b,l,201806010401
569.990000,1.001310,1527825687.839500,b,l,201806010401
569.990000,0.011506,1527825687.841500,b,l,201806010401
569.990000,0.309163,1527825687.999900,b,l,201806010401
569.990000,0.100261,1527825695.804900,b,m,201806010401
569.520000,0.261903,1527825739.499200,s,l,201806010402
569.500000,4.738097,1527825739.508300,s,l,201806010402
569.520000,0.195000,1527825740.637500,b,l,201806010402
569.500000,0.261903,1527825741.197100,s,l,201806010402
569.400000,0.137118,1527825741.490000,s,l,201806010402
568.630000,0.037952,1527825748.492900,b,l,201806010402
568.550000,0.816671,1527825748.503500,s,m,201806010402
568.540000,3.272650,1527825748.508100,s,m,201806010402
568.260000,34.083000,1527825748.513400,s,m,201806010402
568.000000,1.827679,1527825748.516200,s,m,201806010402
568.640000,5.000000,1527825760.444800,b,l,201806010402
568.150000,5.000000,1527825781.508800,s,l,201806010403
568.010000,5.000000,1527825781.526200,s,l,201806010403
568.010000,1.006975,1527825781.529400,s,l,201806010403
568.000000,42.955321,1527825781.532200,s,l,201806010403
567.990000,3.679331,1527825783.514800,b,l,201806010403
567.990000,0.320669,1527825783.517400,b,l,201806010403
568.000000,8.210000,1527825783.519800,b,l,201806010403
568.000000,1.196000,1527825783.553200,b,l,201806010403
568.000000,3.140000,1527825788.197700,b,l,201806010403
568.000000,1.631000,1527825789.940100,b,l,201806010403
568.000000,1.191000,1527825790.211600,b,l,201806010403
568.000000,1.191000,1527825791.050300,b,l,201806010403
568.000000,1.312000,1527825792.473600,b,l,201806010403
567.990000,0.135307,1527825792.528900,b,l,201806010403
568.000000,0.258693,1527825792.532400,b,l,201806010403
568.000000,1.116000,1527825793.297900,b,l,201806010403
568.000000,1.116000,1527825793.383100,b,l,201806010403
568.000000,1.535000,1527825795.813600,b,l,201806010403
568.000000,2.144000,1527825796.029800,b,l,201806010403
568.000000,1.323000,1527825796.064200,b,l,201806010403
568.000000,5.257068,1527825802.693000,b,l,201806010403
568.000000,8.983932,1527825802.701900,b,l,201806010403
568.000000,0.445000,1527825815.352500,b,m,201806010403
568.000000,2.077641,1527825837.982200,b,l,201806010403
568.000000,2.624060,1527825838.938600,b,l,201806010403
567.990000,0.600000,1527825840.359200,s,m,201806010404
568.000000,5.000000,1527825846.183700,b,l,201806010404
568.000000,81.977830,1527825851.945700,b,l,201806010404
568.000000,0.314685,1527825851.951900,b,l,201806010404
568.000000,0.905101,1527825851.954600,b,l,201806010404
568.000000,0.529000,1527825851.957200,b,l,201806010404
568.000000,1.000000,1527825851.960100,b,l,201806010404
568.000000,3.000000,1527825851.962700,b,l,201806010404
568.000000,9.000000,1527825851.965200,b,l,201806010404
568.000000,14.241000,1527825851.967900,b,l,201806010404
568.000000,25.611093,1527825851.970700,b,l,201806010404
568.000000,9.707599,1527825851.973400,b,l,201806010404
568.640000,0.985000,1527825852.829700,b,l,201806010404
569.450000,0.178000,1527825856.135800,b,m,201806010404
569.450000,2.618507,1527825857.989800,b,l,201806010404
569.130000,1.500000,1527825858.037300,s,m,201806010404
569.450000,1.203493,1527825862.397400,b,l,201806010404
569.560000,0.034000,1527825868.133200,b,l,201806010404
569.770000,0.046059,1527825868.136700,b,l,201806010404
569.790000,0.020000,1527825868.139400,b,l,201806010404
569.990000,0.105265,1527825868.142600,b,l,201806010404
570.000000,1.259676,1527825868.145800,b,l,201806010404
570.000000,1.480000,1527825875.593600,b,l,201806010404
570.000000,10.460557,1527825895.199900,b,l,201806010404
570.480000,0.397852,1527825940.370100,s,l,201806010405
570.470000,0.405000,1527825940.375300,s,l,201806010405
570.440000,0.405000,1527825941.910700,b,l,201806010405
570.600000,0.405000,1527825984.672200,b,m,201806010406
570.770000,0.023001,1527825984.677900,b,m,201806010406
570.900000,0.022379,1527825984.680500,b,m,201806010406
570.910000,0.022809,1527825984.683100,b,m,201806010406
570.910000,5.000000,1527825984.686100,b,m,201806010406
570.930000,0.025000,1527825984.688600,b,m,201806010406
570.940000,0.020000,1527825984.691300,b,m,201806010406
570.950000,0.030000,1527825984.693800,b,m,201806010406
570.960000,0.023000,1527825984.696200,b,m,201806010406
570.970000,0.034000,1527825984.698600,b,m,201806010406
570.980000,0.027000,1527825984.701100,b,m,201806010406
570.990000,0.051000,1527825984.703500,b,m,201806010406
571.630000,1.682000,1527825984.706200,b,m,201806010406
571.630000,2.550000,1527825984.709400,b,m,201806010406
571.640000,0.027000,1527825984.712100,b,m,201806010406
571.650000,0.841000,1527825984.714700,b,m,201806010406
571.660000,42.130267,1527825984.717400,b,m,201806010406
571.640000,0.034000,1527826038.744500,b,l,201806010407
571.650000,0.023000,1527826038.752800,b,l,201806010407
571.680000,17.444000,1527826069.790400,s,l,201806010407
571.660000,0.124000,1527826071.265300,s,l,201806010407
571.030000,2.990000,1527826076.655700,s,l,201806010407
571.010000,1.549279,1527826076.660900,s,l,201806010407
570.860000,4.460721,1527826076.664600,s,l,201806010407
570.860000,37.011279,1527826077.563900,s,l,201806010407
570.860000,11.171000,1527826077.567800,s,l,201806010407
570.660000,0.270095,1527826081.071400,s,l,201806010408
570.430000,0.175306,1527826098.742800,s,l,201806010408
569.980000,0.557285,1527826119.397100,b,l,201806010408
570.000000,4.452715,1527826119.606000,b,l,201806010408
570.000000,14.241000,1527826125.750800,b,l,201806010408
569.850000,4.500000,1527826146.099200,b,l,201806010409
569.990000,0.402588,1527826155.566400,b,l,201806010409
570.000000,4.607412,1527826155.583300,b,l,201806010409
570.000000,5.010000,1527826158.421500,b,l,201806010409
570.000000,14.241000,1527826167.818300,b,l,201806010409
570.000000,14.241000,1527826178.967900,b,l,201806010409
570.000000,1.100000,1527826200.941000,b,l,201806010410
570.000000,117.370163,1527826203.323300,b,l,201806010410
570.490000,0.314586,1527826307.110600,b,l,201806010411
570.630000,0.346253,1527826307.120000,b,l,201806010411
570.630000,0.351843,1527826307.122600,b,l,201806010411
570.640000,9.358000,1527826307.125200,b,l,201806010411
571.380000,0.000000,1527826367.125200,b,l,201806010412
571.380000,0.000000,1527826427.125200,b,l,201806010413
571.380000,0.000000,1527826487.125200,b,l,201806010414
571.380000,0.000000,1527826547.125200,b,l,201806010415
571.380000,0.000000,1527826607.125200,b,l,201806010416
571.380000,5.000000,1527826648.051100,b,l,201806010417
571.390000,1.500000,1527826663.190100,b,m,201806010417
571.390000,1.500000,1527826663.218000,b,m,201806010417
571.420000,0.034000,1527826714.158300,b,m,201806010418
571.420000,1.966000,1527826714.183200,b,m,201806010418
571.500000,4.500000,1527826741.985100,b,l,201806010419
571.540000,0.034000,1527826741.999300,b,l,201806010419
571.540000,3.554760,1527826742.002300,b,l,201806010419
571.410000,0.152370,1527826759.226600,s,l,201806010419
571.400000,0.000001,1527826779.189800,b,m,201806010419
571.390000,14.241000,1527826804.678000,s,l,201806010420
571.390000,14.241000,1527826813.388000,s,l,201806010420
571.390000,1.518000,1527826828.513800,s,l,201806010420
571.030000,0.000000,1527826888.513800,s,l,201806010421
571.030000,5.000000,1527826934.135900,s,l,201806010422
571.030000,5.000000,1527826934.152700,s,l,201806010422
571.000000,0.040000,1527826934.155900,s,l,201806010422
571.000000,10.000000,1527826934.159400,s,l,201806010422
571.000000,17.467000,1527826934.163300,s,l,201806010422
570.840000,5.990000,1527826934.165900,s,l,201806010422
570.400000,5.000000,1527826934.170200,s,l,201806010422
570.370000,5.000000,1527826934.172800,s,l,201806010422
570.360000,5.000000,1527826934.175300,s,l,201806010422
570.320000,5.000000,1527826934.177800,s,l,201806010422
570.220000,9.637047,1527826934.180500,s,l,201806010422
570.220000,0.021155,1527826934.183300,s,l,201806010422
570.220000,0.000038,1527826934.185200,s,l,201806010422
571.040000,5.000000,1527826960.256400,s,l,201806010422
571.040000,5.000000,1527826960.261800,s,l,201806010422
571.000000,0.000000,1527827020.261800,b,l,201806010423
571.000000,0.000000,1527827080.261800,b,l,201806010424
571.000000,0.000000,1527827140.261800,b,l,201806010425
571.000000,0.036988,1527827202.365100,b,l,201806010426
571.010000,0.037217,1527827208.290000,b,l,201806010426
571.040000,1.386255,1527827217.893300,b,l,201806010426
571.040000,0.086748,1527827217.914300,b,l,201806010426
571.030000,4.255000,1527827247.455000,s,l,201806010427
570.380000,0.224000,1527827255.442800,s,l,201806010427
570.380000,4.031000,1527827255.864200,s,l,201806010427
570.250000,0.223513,1527827259.435400,s,l,201806010427
570.160000,0.354926,1527827259.443300,s,l,201806010427
570.140000,7.101561,1527827259.446900,s,l,201806010427
570.140000,9.000000,1527827260.423100,s,l,201806010427
570.140000,0.091060,1527827284.532200,b,l,201806010428
570.020000,0.801440,1527827297.150300,s,l,201806010428
570.000000,0.500000,1527827297.171700,s,l,201806010428
569.590000,4.164000,1527827371.514200,b,l,201806010429
569.600000,0.154924,1527827372.472100,b,l,201806010429
569.660000,0.155353,1527827372.478300,b,l,201806010429
569.670000,4.689722,1527827372.481700,b,l,201806010429
569.590000,4.164000,1527827374.299500,s,l,201806010429
569.660000,5.365000,1527827419.441300,s,l,201806010430
569.480000,5.000000,1527827445.480900,s,m,201806010430
569.400000,0.110985,1527827445.486900,s,m,201806010430
569.290000,5.885000,1527827445.490200,s,m,201806010430
569.240000,0.160000,1527827445.493500,s,m,201806010430
568.580000,5.990000,1527827445.496400,s,m,201806010430
568.500000,25.212852,1527827445.499600,s,m,201806010430
568.500000,0.320582,1527827445.503100,s,m,201806010430
569.650000,5.000000,1527827465.167300,s,m,201806010431
568.930000,2.434200,1527827465.252600,s,m,201806010431
568.920000,0.293908,1527827465.259300,s,m,201806010431
568.700000,1.951310,1527827465.262300,s,m,201806010431
568.700000,4.038690,1527827465.267000,s,m,201806010431
568.610000,3.961310,1527827465.270800,s,m,201806010431
568.610000,25.000000,1527827465.274900,s,m,201806010431
569.300000,1.500000,1527827520.926800,s,m,201806010432
569.170000,5.000000,1527827520.948200,s,m,201806010432
569.160000,0.264582,1527827520.952400,s,m,201806010432
569.140000,5.000000,1527827520.955200,s,m,201806010432
568.740000,18.235418,1527827520.958000,s,m,201806010432
569.630000,1.360318,1527827524.111500,b,l,201806010432
569.650000,0.086680,1527827529.684300,b,l,201806010432
569.650000,0.084890,1527827529.692000,b,l,201806010432
569.660000,0.083203,1527827529.694600,b,l,201806010432
569.670000,3.995227,1527827529.697500,b,l,201806010432
569.670000,14.241000,1527827543.803200,b,l,201806010432
569.670000,3.027698,1527827566.097700,b,l,201806010432
569.670000,0.000000,1527827626.097700,b,l,201806010433
569.670000,14.241000,1527827659.385600,b,l,201806010434
569.670000,14.241000,1527827676.371100,b,l,201806010434
569.670000,14.241000,1527827680.115200,b,l,201806010434
569.670000,0.037000,1527827693.194900,b,l,201806010434
569.660000,0.026163,1527827718.018100,s,m,201806010435
569.660000,0.000068,1527827718.027300,s,m,201806010435
569.660000,0.000000,1527827718.029200,s,m,201806010435
569.670000,14.241000,1527827755.017400,b,l,201806010435
569.670000,14.241000,1527827762.566700,b,l,201806010436
569.670000,1.502913,1527827777.206300,b,l,201806010436
569.700000,12.738087,1527827777.215400,b,l,201806010436
569.690000,1.000000,1527827806.814100,s,m,201806010436
569.700000,14.241000,1527827823.051200,b,l,201806010437
569.690000,47.960752,1527827838.433100,s,l,201806010437
569.690000,0.885000,1527827838.438400,s,l,201806010437
569.590000,37.968649,1527827838.441600,s,l,201806010437
569.580000,1.000000,1527827838.444100,s,l,201806010437
569.610000,0.078916,1527827843.669800,s,l,201806010437
569.680000,0.082209,1527827879.138800,b,m,201806010437
569.690000,0.047791,1527827879.169800,b,m,201806010437
569.680000,0.000000,1527827939.169800,b,l,201806010438
569.680000,0.064080,1527827941.363000,b,l,201806010439
569.690000,0.370703,1527827941.403100,b,l,201806010439
569.280000,0.291875,1527827998.485400,s,l,201806010439
569.200000,2.000000,1527827998.494800,s,l,201806010439
569.000000,2.000000,1527828009.678100,b,l,201806010440
569.000000,3.055308,1527828009.706100,b,l,201806010440
568.930000,0.521540,1527828091.285200,s,l,201806010441
568.880000,5.000000,1527828127.313900,s,m,201806010442
568.580000,15.000000,1527828127.322500,s,m,201806010442
568.580000,0.552716,1527828163.414100,s,m,201806010442
568.580000,2.036563,1527828163.423000,s,m,201806010442
568.580000,0.000721,1527828163.425100,s,m,201806010442
568.890000,0.048471,1527828170.545000,b,l,201806010442
568.890000,0.049679,1527828170.549100,b,l,201806010442
568.890000,0.050072,1527828170.551600,b,l,201806010442
568.900000,0.017778,1527828170.555400,b,l,201806010442
568.700000,0.000000,1527828230.555400,s,m,201806010443
568.700000,0.000000,1527828290.555400,s,m,201806010444
568.700000,0.348709,1527828311.227700,s,m,201806010445
568.700000,0.000901,1527828311.233400,s,m,201806010445
568.900000,1.344000,1527828326.153800,b,l,201806010445
568.900000,0.341990,1527828386.847700,b,l,201806010446
568.900000,0.296900,1527828387.454200,b,l,201806010446
568.900000,0.103100,1527828407.519700,b,l,201806010446
568.900000,0.089463,1527828454.203700,b,l,201806010447
568.900000,0.031430,1527828478.598000,b,l,201806010447
568.900000,0.608435,1527828479.459300,b,l,201806010447
568.900000,20.172364,1527828492.196800,b,l,201806010448
569.000000,1.925489,1527828492.422200,b,l,201806010448
569.000000,6.210000,1527828492.563900,b,l,201806010448
569.000000,4.582000,1527828492.783800,b,l,201806010448
569.000000,0.624978,1527828493.918000,b,l,201806010448
569.570000,0.027000,1527828495.358100,b,l,201806010448
569.570000,0.023000,1527828495.645500,b,m,201806010448
569.640000,0.023000,1527828495.649700,b,m,201806010448
569.650000,0.032000,1527828495.652600,b,m,201806010448
569.700000,13.910000,1527828499.383800,b,l,201806010448
569.700000,1.175000,1527828500.089900,b,l,201806010448
569.700000,7.935913,1527828500.758200,b,l,201806010448
569.840000,0.025000,1527828500.761400,b,l,201806010448
569.850000,75.743610,1527828500.764800,b,l,201806010448
569.850000,0.032000,1527828500.767600,b,l,201806010448
569.990000,0.023000,1527828500.786500,b,m,201806010448
570.060000,0.027000,1527828500.790100,b,m,201806010448
570.220000,7.439552,1527828500.793000,b,m,201806010448
570.220000,1.000000,1527828500.797200,b,m,201806010448
570.220000,0.029000,1527828500.800500,b,m,201806010448
570.220000,0.029000,1527828500.803800,b,m,201806010448
570.220000,0.031000,1527828500.807200,b,m,201806010448
570.220000,0.031000,1527828500.811100,b,m,201806010448
570.220000,1.390448,1527828500.814900,b,m,201806010448
570.220000,5.990000,1527828502.919000,b,l,201806010448
570.220000,1.000000,1527828503.304600,b,m,201806010448
570.340000,0.032000,1527828504.015800,b,l,201806010448
570.370000,0.020000,1527828504.019300,b,l,201806010448
570.750000,1.150000,1527828504.021800,b,l,201806010448
570.760000,0.025000,1527828504.024300,b,l,201806010448
571.170000,5.000000,1527828517.104400,s,l,201806010448
571.170000,0.170000,1527828517.120900,s,l,201806010448
571.180000,0.050728,1527828519.575600,s,l,201806010448
571.180000,5.000000,1527828519.584000,s,l,201806010448
571.180000,1.009272,1527828519.615400,s,l,201806010448
571.560000,5.000000,1527828562.977500,b,m,201806010449
571.640000,0.027000,1527828562.992800,b,m,201806010449
571.900000,0.000009,1527828562.996300,b,m,201806010449
571.900000,0.137109,1527828562.999900,b,m,201806010449
572.000000,4.835882,1527828563.002800,b,m,201806010449
571.330000,0.514930,1527828623.648500,s,m,201806010450
571.710000,0.000000,1527828683.648500,b,m,201806010451
571.710000,0.000000,1527828743.648500,b,m,201806010452
571.710000,0.400000,1527828799.688300,b,m,201806010453
571.350000,0.000000,1527828859.688300,s,l,201806010454
571.350000,16.954000,1527828910.684900,s,l,201806010455
571.350000,0.500000,1527828910.709700,s,l,201806010455
571.350000,2.546000,1527828910.712100,s,l,201806010455
571.350000,4.157500,1527828910.714400,s,l,201806010455
571.350000,0.755061,1527828911.802800,s,l,201806010455
571.350000,15.087439,1527828911.807600,s,l,201806010455
571.350000,8.799235,1527828911.809600,s,l,201806010455
571.350000,11.200765,1527828911.811700,s,l,201806010455
571.350000,3.937000,1527828911.813900,s,l,201806010455
571.350000,6.000000,1527828911.816100,s,l,201806010455
571.350000,0.063000,1527828911.818500,s,l,201806010455
571.350000,1.719468,1527828911.820900,s,l,201806010455
571.350000,0.713278,1527828911.823100,s,l,201806010455
571.350000,7.567254,1527828911.825100,s,l,201806010455
571.350000,33.662651,1527828911.828400,s,l,201806010455
571.330000,0.026255,1527828911.831600,s,l,201806010455
571.300000,0.020000,1527828922.805400,b,l,201806010455
571.300000,0.020000,1527828922.828400,b,l,201806010455
571.310000,0.801682,1527828922.834400,b,l,201806010455
571.360000,0.034000,1527828928.355300,b,l,201806010455
571.490000,0.027000,1527828937.878600,b,l,201806010455
571.700000,0.025000,1527828965.118200,b,l,201806010456
571.790000,0.116312,1527829023.328100,s,l,201806010457
571.780000,14.124688,1527829023.354100,s,l,201806010457
571.780000,21.161009,1527829031.189500,s,l,201806010457
571.450000,5.000000,1527829065.829400,s,l,201806010457
571.230000,0.291519,1527829065.861000,s,l,201806010457
571.220000,5.073000,1527829065.867700,s,l,201806010457
571.000000,2.000000,1527829080.859600,b,l,201806010458
571.000000,7.635481,1527829095.905100,b,l,201806010458
571.120000,6.990000,1527829151.640600,s,l,201806010459
571.020000,0.436495,1527829151.650700,s,l,201806010459
571.000000,0.697665,1527829151.655600,s,l,201806010459
571.000000,0.891826,1527829151.659000,s,l,201806010459
571.000000,7.340000,1527829152.806900,b,l,201806010459
571.000000,6.644014,1527829153.517400,b,l,201806010459
571.950000,0.025000,1527829169.985000,b,m,201806010459
571.960000,0.028000,1527829170.012200,b,m,201806010459
571.960000,0.023000,1527829170.017100,b,m,201806010459
571.960000,0.032000,1527829170.019700,b,m,201806010459
572.000000,0.016000,1527829170.023200,b,m,201806010459
571.310000,0.000000,1527829230.023200,b,m,201806010500
571.310000,0.200000,1527829276.409200,b,m,201806010501
571.870000,0.399068,1527829308.909100,b,l,201806010501
571.960000,0.405358,1527829309.232100,b,l,201806010501
572.000000,0.726609,1527829310.909500,b,l,201806010501
572.000000,1.421509,1527829338.618500,b,l,201806010502
572.000000,7.000000,1527829338.621200,b,l,201806010502
572.420000,0.000000,1527829398.621200,b,l,201806010503
572.420000,0.025000,1527829451.549200,b,l,201806010504
572.480000,0.030000,1527829451.552200,b,l,201806010504
572.490000,0.023000,1527829451.554800,b,l,201806010504
572.500000,0.041000,1527829451.557400,b,l,201806010504
572.510000,0.028000,1527829451.560300,b,l,201806010504
572.520000,0.032000,1527829451.562900,b,l,201806010504
572.530000,0.021000,1527829451.565300,b,l,201806010504
572.540000,0.030000,1527829451.567900,b,l,201806010504
572.650000,0.020000,1527829465.091600,b,l,201806010504
572.670000,0.855403,1527829467.407700,b,l,201806010504
572.930000,0.063000,1527829515.699800,b,l,201806010505
572.970000,0.030000,1527829515.751300,b,l,201806010505
572.990000,0.032000,1527829515.754100,b,l,201806010505
573.000000,0.375000,1527829515.757400,b,l,201806010505
572.930000,0.207790,1527829532.787100,s,l,201806010505
572.430000,2.856000,1527829538.617500,s,l,201806010505
572.390000,1.880000,1527829539.604300,s,l,201806010505
571.770000,0.419191,1527829549.670900,s,l,201806010505
571.740000,2.000000,1527829552.857000,b,l,201806010505
571.610000,5.000000,1527829572.365900,b,l,201806010506
571.620000,14.241000,1527829572.371000,b,l,201806010506
571.620000,0.023000,1527829572.992100,s,l,201806010506
571.590000,0.020000,1527829629.711200,b,l,201806010507
571.720000,0.127977,1527829630.134300,b,l,201806010507
571.960000,0.060000,1527829631.660300,b,l,201806010507
571.970000,0.025000,1527829631.663500,b,l,201806010507
572.530000,0.510000,1527829716.246800,b,m,201806010508
572.290000,0.000000,1527829776.246800,s,l,201806010509
572.290000,0.375363,1527829819.531900,s,l,201806010510
572.520000,5.000000,1527829846.987000,b,m,201806010510
572.520000,2.000000,1527829847.019500,b,m,201806010510
572.520000,3.000000,1527829847.023200,b,m,201806010510
572.540000,0.034000,1527829847.026200,b,m,201806010510
572.800000,3.966000,1527829847.029500,b,m,201806010510
572.120000,0.858859,1527829895.819900,b,l,201806010511
572.120000,0.392141,1527829897.333300,b,l,201806010511
572.230000,0.023000,1527829897.337900,b,l,201806010511
572.230000,0.034000,1527829897.340600,b,l,201806010511
572.240000,0.023000,1527829897.343100,b,l,201806010511
572.330000,0.023000,1527829897.345500,b,l,201806010511
572.340000,0.025000,1527829897.348000,b,l,201806010511
572.350000,1.041420,1527829897.351200,b,l,201806010511
572.270000,0.000000,1527829957.351200,s,m,201806010512
572.270000,0.000000,1527830017.351200,s,m,201806010513
572.270000,0.000000,1527830077.351200,s,m,201806010514
572.270000,1.000000,1527830151.173000,s,m,201806010515
572.290000,0.032000,1527830185.334400,b,l,201806010516
572.300000,0.025000,1527830188.241300,b,l,201806010516
572.320000,0.034000,1527830188.246700,b,l,201806010516
572.330000,0.032000,1527830188.249400,b,l,201806010516
572.500000,0.025000,1527830188.252000,b,l,201806010516
572.510000,0.028000,1527830188.255200,b,l,201806010516
572.520000,4.065003,1527830188.258500,b,l,201806010516
572.390000,0.976641,1527830259.099700,b,l,201806010517
572.390000,0.339097,1527830261.601200,b,l,201806010517
572.400000,5.000000,1527830304.535200,s,m,201806010518
572.400000,22.443000,1527830304.547200,s,m,201806010518
572.400000,5.000000,1527830304.550500,s,m,201806010518
572.350000,2.557000,1527830304.553500,s,m,201806010518
572.350000,2.443000,1527830304.557300,s,m,201806010518
572.340000,2.056712,1527830304.560600,s,m,201806010518
572.340000,0.500288,1527830304.564800,s,m,201806010518
572.410000,0.020000,1527830317.716400,b,m,201806010518
572.410000,0.007000,1527830320.304300,b,l,201806010518
572.800000,0.020000,1527830320.315900,b,l,201806010518
572.800000,0.000000,1527830380.315900,b,m,201806010519
572.800000,0.000000,1527830440.315900,b,m,201806010520
572.800000,0.000000,1527830500.315900,b,m,201806010521
572.800000,0.038000,1527830563.121800,b,m,201806010522
572.970000,0.025000,1527830563.131600,b,m,201806010522
573.000000,0.625685,1527830563.135400,b,m,201806010522
573.170000,0.020000,1527830563.138900,b,m,201806010522
573.180000,0.030000,1527830563.141700,b,m,201806010522
573.180000,0.032000,1527830563.144700,b,m,201806010522
573.190000,0.027000,1527830563.147400,b,m,201806010522
573.200000,0.000009,1527830563.150600,b,m,201806010522
573.200000,0.142705,1527830563.153600,b,m,201806010522
573.320000,0.021000,1527830563.156300,b,m,201806010522
573.320000,0.700000,1527830563.159800,b,m,201806010522
573.330000,0.028000,1527830563.163100,b,m,201806010522
573.350000,0.028000,1527830563.166300,b,m,201806010522
573.470000,0.027000,1527830563.169500,b,m,201806010522
573.480000,0.160000,1527830563.173600,b,m,201806010522
573.570000,13.793465,1527830563.176900,b,m,201806010522
573.570000,0.624978,1527830563.180100,b,m,201806010522
573.570000,23.677159,1527830563.182400,b,m,201806010522
573.570000,0.105265,1527830563.194500,b,m,201806010522
572.800000,0.194087,1527830593.837400,s,l,201806010523
572.710000,0.341793,1527830593.859000,s,l,201806010523
572.990000,2.217000,1527830675.993900,b,m,201806010524
573.100000,0.116466,1527830676.003500,b,m,201806010524
573.160000,0.116746,1527830676.006800,b,m,201806010524
573.180000,2.049787,1527830676.010100,b,m,201806010524
573.060000,0.001000,1527830679.607400,b,m,201806010524
572.970000,0.000000,1527830739.607400,s,l,201806010525
572.970000,0.000000,1527830799.607400,s,l,201806010526
572.970000,0.069163,1527830823.099600,s,l,201806010527
572.220000,0.042685,1527830927.985600,s,m,201806010528
572.210000,0.057315,1527830927.991700,s,m,201806010528
572.890000,0.000000,1527830987.991700,s,l,201806010529
572.890000,0.000000,1527831047.991700,s,l,201806010530
572.890000,0.109433,1527831067.838700,s,l,201806010531
572.550000,3.949000,1527831070.828600,s,l,201806010531
572.540000,1.290987,1527831070.833200,s,l,201806010531
572.520000,0.000000,1527831130.833200,s,l,201806010532
572.520000,0.000000,1527831190.833200,s,l,201806010533
572.520000,3.903643,1527831241.247400,s,l,201806010534
572.260000,0.928428,1527831348.551800,s,l,201806010535
572.260000,0.002408,1527831348.558400,s,l,201806010535
572.260000,0.000004,1527831348.560800,s,l,201806010535
572.290000,0.706000,1527831390.979900,b,l,201806010536
572.290000,0.264469,1527831391.256600,b,l,201806010536
572.470000,1.415590,1527831391.261100,b,l,201806010536
572.720000,1.235000,1527831456.107900,b,l,201806010537
572.720000,1.235000,1527831456.329900,b,l,201806010537
572.720000,1.946000,1527831456.375600,b,l,201806010537
572.730000,0.023000,1527831456.703800,b,l,201806010537
572.680000,0.000000,1527831516.703800,s,l,201806010538
572.680000,0.057936,1527831573.633800,s,l,201806010539
572.720000,0.898781,1527831624.177600,b,m,201806010540
572.670000,1.157524,1527831672.148000,s,l,201806010541
572.360000,0.199637,1527831719.948600,s,m,201806010541
572.360000,0.000363,1527831719.981100,s,m,201806010541
572.720000,0.000000,1527831779.981100,b,l,201806010542
572.720000,0.347636,1527831810.279700,b,l,201806010543
572.740000,0.021000,1527831810.407800,b,l,201806010543
572.620000,0.000000,1527831870.407800,s,l,201806010544
572.620000,0.045932,1527831913.984300,s,l,201806010545
572.610000,0.074448,1527831913.987400,s,l,201806010545
573.020000,0.168105,1527831914.304000,b,l,201806010545
572.610000,0.257192,1527831915.041300,s,l,201806010545
572.690000,0.564606,1527831953.176400,s,l,201806010545
573.020000,3.144895,1527831965.859400,b,m,201806010546
573.020000,1.634657,1527831965.866400,b,m,201806010546
573.020000,3.365343,1527831965.870200,b,m,201806010546
573.020000,1.100285,1527831965.873200,b,m,201806010546
573.020000,0.754821,1527831965.877100,b,m,201806010546
573.020000,3.144895,1527831976.876600,b,m,201806010546
573.020000,4.855105,1527831976.881400,b,m,201806010546
573.060000,0.028000,1527832041.313300,b,m,201806010547
573.060000,5.000000,1527832041.339200,b,m,201806010547
573.070000,0.116299,1527832041.342700,b,m,201806010547
573.130000,0.021000,1527832041.346300,b,m,201806010547
573.140000,5.000000,1527832041.349900,b,m,201806010547
573.330000,0.049000,1527832041.353000,b,m,201806010547
573.530000,0.027000,1527832041.356000,b,m,201806010547
573.540000,0.118729,1527832041.358800,b,m,201806010547
573.560000,0.027000,1527832041.362100,b,m,201806010547
573.570000,0.025000,1527832041.364900,b,m,201806010547
573.590000,0.027000,1527832041.368300,b,m,201806010547
573.610000,0.021000,1527832041.371400,b,m,201806010547
573.620000,0.063000,1527832041.374300,b,m,201806010547
573.680000,4.476972,1527832041.377500,b,m,201806010547
572.770000,0.154318,1527832046.775900,s,l,201806010547
572.420000,0.204721,1527832081.700900,s,l,201806010548
572.040000,0.491594,1527832083.442700,s,l,201806010548
572.110000,0.030255,1527832139.341400,s,l,201806010548
572.080000,0.493398,1527832158.183800,s,l,201806010549
572.630000,9.247000,1527832207.646800,s,l,201806010550
572.630000,5.000000,1527832207.667000,s,l,201806010550
572.320000,2.981009,1527832207.669800,s,l,201806010550
572.310000,5.000000,1527832207.672500,s,l,201806010550
572.270000,5.000000,1527832207.675100,s,l,201806010550
572.080000,37.079000,1527832207.677600,s,l,201806010550
572.080000,5.000000,1527832207.680100,s,l,201806010550
572.070000,5.000000,1527832207.682600,s,l,201806010550
572.060000,5.000000,1527832207.685100,s,l,201806010550
572.000000,0.200000,1527832207.688400,s,l,201806010550
572.000000,7.020000,1527832209.962800,b,l,201806010550
572.000000,4.000000,1527832214.285200,b,l,201806010550
572.000000,6.040000,1527832217.611800,b,l,201806010550
572.000000,3.432991,1527832220.266700,b,l,201806010550
572.540000,0.220000,1527832274.159900,s,m,201806010551
572.560000,0.020000,1527832291.171900,s,m,201806010551
572.560000,0.200000,1527832291.190300,s,m,201806010551
572.450000,0.000000,1527832351.190300,s,l,201806010552
572.450000,0.000000,1527832411.190300,s,l,201806010553
572.450000,0.992431,1527832473.590100,s,l,201806010554
572.400000,0.180880,1527832532.496700,s,m,201806010555
572.390000,1.562687,1527832532.527900,s,m,201806010555
572.390000,0.004052,1527832532.594800,s,m,201806010555
572.390000,0.000001,1527832532.597100,s,m,201806010555
572.450000,0.032000,1527832609.462100,b,l,201806010556
572.470000,0.023000,1527832612.281300,b,l,201806010556
572.540000,0.032000,1527832612.290800,b,l,201806010556
572.650000,0.000000,1527832672.290800,b,l,201806010557
572.650000,0.030000,1527832682.852000,b,l,201806010558
572.700000,0.032000,1527832682.877100,b,l,201806010558
572.710000,0.042000,1527832682.880300,b,l,201806010558
572.720000,0.063000,1527832682.882800,b,l,201806010558
572.960000,0.032000,1527832682.885400,b,l,201806010558
572.970000,0.034000,1527832682.888200,b,l,201806010558
572.980000,0.025000,1527832682.891000,b,l,201806010558
572.990000,0.220406,1527832682.894500,b,l,201806010558
572.990000,0.218351,1527832682.897300,b,l,201806010558
572.990000,0.218236,1527832682.900000,b,l,201806010558
573.000000,0.183224,1527832682.903400,b,l,201806010558
572.980000,1.316600,1527832703.325300,b,l,201806010558
573.000000,0.000206,1527832703.337500,b,l,201806010558
573.000000,0.942125,1527832703.413800,b,l,201806010558
572.990000,0.062161,1527832719.507300,b,l,201806010558
573.000000,7.333839,1527832719.511400,b,l,201806010558
573.000000,0.053500,1527832720.748500,b,l,201806010558
573.000000,0.399900,1527832723.732100,b,l,201806010558
572.990000,0.044368,1527832759.761200,b,l,201806010559
573.000000,0.497832,1527832759.769300,b,l,201806010559
573.000000,0.500000,1527832766.567500,b,l,201806010559
573.000000,0.399900,1527832767.411400,b,l,201806010559
573.000000,0.049300,1527832774.798400,b,l,201806010559
573.000000,0.672200,1527832776.360700,b,l,201806010559
573.000000,0.500000,1527832777.021800,b,l,201806010559
573.000000,1.000000,1527832778.071400,b,l,201806010559
572.990000,0.147552,1527832782.421500,s,l,201806010559
572.990000,0.050849,1527832792.353600,s,l,201806010559
573.000000,2.467974,1527832820.438300,b,l,201806010600
573.010000,2.832449,1527832847.725200,b,l,201806010600
572.990000,0.500000,1527832864.484800,s,m,201806010601
572.990000,0.020000,1527832864.507700,s,m,201806010601
572.990000,0.210000,1527832864.511900,s,m,201806010601
572.990000,0.104714,1527832930.360900,s,l,201806010602
572.990000,0.128871,1527832961.125200,s,l,201806010602
573.090000,0.021800,1527832991.814300,b,l,201806010603
573.010000,5.000000,1527833005.136700,s,l,201806010603
573.000000,10.000000,1527833005.181000,s,l,201806010603
573.170000,0.048984,1527833049.990000,b,l,201806010604
573.170000,1.951016,1527833057.000400,b,l,201806010604
573.080000,0.100000,1527833102.903600,s,m,201806010605
573.360000,0.880000,1527833115.061000,b,l,201806010605
573.410000,0.028000,1527833115.065800,b,l,201806010605
573.410000,0.028573,1527833115.069700,b,l,201806010605
573.420000,1.195788,1527833115.073200,b,l,201806010605
573.340000,0.063000,1527833216.752700,b,l,201806010606
573.350000,0.030000,1527833216.764900,b,l,201806010606
573.410000,0.021748,1527833216.768800,b,l,201806010606
573.530000,0.021000,1527833216.771900,b,l,201806010606
573.560000,0.023000,1527833216.774800,b,l,201806010606
573.590000,0.025000,1527833216.777900,b,l,201806010606
573.600000,0.021000,1527833216.780800,b,l,201806010606
573.610000,0.021000,1527833216.784000,b,l,201806010606
574.010000,0.000000,1527833276.784000,b,m,201806010607
574.010000,0.021000,1527833297.963800,b,m,201806010608
574.010000,0.109000,1527833297.984300,b,m,201806010608
574.000000,0.110000,1527833325.625000,s,l,201806010608
574.000000,0.664252,1527833370.839200,s,l,201806010609
573.590000,0.000000,1527833430.839200,b,l,201806010610
573.590000,0.000000,1527833490.839200,b,l,201806010611
573.590000,1.000000,1527833542.314900,b,l,201806010612
573.500000,1.000000,1527833586.312800,s,m,201806010613
573.520000,1.054137,1527833638.536500,b,l,201806010613
573.520000,0.048300,1527833697.488400,b,m,201806010614
573.520000,0.054200,1527833697.503900,b,m,201806010614
573.520000,0.542300,1527833704.971900,b,l,201806010615
573.520000,0.727400,1527833706.298100,b,l,201806010615
573.520000,0.000000,1527833766.298100,b,l,201806010616
573.520000,0.426663,1527833839.205400,b,l,201806010617
573.530000,0.020000,1527833839.212400,b,l,201806010617
573.600000,0.276930,1527833843.633700,b,l,201806010617
573.970000,0.023000,1527833844.902200,b,l,201806010617
574.000000,0.021000,1527833844.907300,b,l,201806010617
574.010000,0.028000,1527833844.909900,b,l,201806010617
574.110000,0.030000,1527833846.825900,b,l,201806010617
574.120000,0.030000,1527833846.831800,b,l,201806010617
574.130000,0.028000,1527833846.840000,b,m,201806010617
574.150000,0.063000,1527833846.843200,b,m,201806010617
574.160000,0.025000,1527833846.847700,b,m,201806010617
574.170000,0.025000,1527833846.851100,b,m,201806010617
574.300000,0.249000,1527833846.855000,b,m,201806010617
574.300000,0.349000,1527833846.920000,b,l,201806010617
574.300000,5.402000,1527833849.661200,b,l,201806010617
574.300000,1.000000,1527833849.666200,b,l,201806010617
574.620000,0.348060,1527833851.653700,b,l,201806010617
574.990000,1.066000,1527833851.659300,b,l,201806010617
574.990000,8.494402,1527833851.662300,b,l,201806010617
575.000000,1.262538,1527833851.666000,b,l,201806010617
575.000000,1.467090,1527833851.884900,b,l,201806010617
575.000000,95.590000,1527833852.773300,b,l,201806010617
575.000000,1.680372,1527833853.452500,b,l,201806010617
575.390000,0.020000,1527833857.108900,b,l,201806010617
575.400000,0.034000,1527833857.113500,b,l,201806010617
575.430000,11.117000,1527833857.116300,b,l,201806010617
575.010000,8.494402,1527833857.240600,s,m,201806010617
574.990000,2.304492,1527833857.243900,s,m,201806010617
574.990000,0.002226,1527833857.247800,s,m,201806010617
575.430000,3.913009,1527833857.756800,b,l,201806010617
575.430000,0.001491,1527833857.760400,b,l,201806010617
575.550000,1.606114,1527833857.764200,b,l,201806010617
575.550000,9.564886,1527833857.779400,b,m,201806010617
575.620000,0.799634,1527833857.784600,b,m,201806010617
575.620000,2.000000,1527833857.789400,b,m,201806010617
575.620000,7.635481,1527833857.794200,b,m,201806010617
575.640000,2.617481,1527833858.408500,b,l,201806010617
575.960000,0.020000,1527833859.665700,b,l,201806010617
576.000000,6.480000,1527833859.670700,b,l,201806010617
576.000000,0.850000,1527833859.714500,b,m,201806010617
576.000000,0.224675,1527833861.446200,b,l,201806010617
576.000000,17.445325,1527833861.591200,b,l,201806010617
576.300000,0.020000,1527833861.594500,b,l,201806010617
576.320000,3.458978,1527833861.598000,b,l,201806010617
576.360000,2.000000,1527833862.605400,b,m,201806010617
576.570000,36.429112,1527833865.653300,b,l,201806010617
576.570000,27.570888,1527833865.687600,b,l,201806010617
577.000000,42.931548,1527833867.094400,b,l,201806010617
577.000000,7.068452,1527833867.097800,b,l,201806010617
577.220000,25.000000,1527833867.824900,b,l,201806010617
577.450000,0.146441,1527833870.336100,s,l,201806010617
577.450000,0.020000,1527833870.767600,s,l,201806010617
577.450000,0.020000,1527833871.491800,s,l,201806010617
577.450000,0.063910,1527833872.847600,s,l,201806010617
577.450000,0.155000,1527833879.792500,s,l,201806010617
578.100000,0.178393,1527833904.644200,b,m,201806010618
578.150000,0.200000,1527833904.649200,b,m,201806010618
578.360000,0.150000,1527833904.653300,b,m,201806010618
578.360000,0.100000,1527833904.660400,b,m,201806010618
578.700000,0.051000,1527833904.664300,b,m,201806010618
578.760000,2.000000,1527833904.670300,b,m,201806010618
578.990000,0.028000,1527833904.674200,b,m,201806010618
579.000000,0.292607,1527833904.678200,b,m,201806010618
579.000000,0.207393,1527833917.926900,b,l,201806010618
579.010000,0.811800,1527833921.685600,s,l,201806010618
579.200000,5.832653,1527833922.736400,b,l,201806010618
579.210000,0.075053,1527833923.560700,s,l,201806010618
579.430000,10.793544,1527833926.144900,b,l,201806010618
579.430000,0.015090,1527833926.148200,b,l,201806010618
579.430000,0.000016,1527833926.150900,b,l,201806010618
579.960000,0.020000,1527833935.139900,s,l,201806010618
579.960000,0.020000,1527833937.120500,s,l,201806010618
579.990000,0.469209,1527833944.664900,b,l,201806010619
579.990000,0.000000,1527833947.886000,b,l,201806010619
579.990000,0.630791,1527833947.891000,b,l,201806010619
580.000000,5.000000,1527833947.895400,b,l,201806010619
580.950000,0.031000,1527833947.907500,b,m,201806010619
580.980000,0.912000,1527833947.910900,b,m,201806010619
581.000000,4.057000,1527833947.915100,b,m,201806010619
581.000000,0.943000,1527833947.919200,b,m,201806010619
581.000000,0.020000,1527833947.922000,b,m,201806010619
581.000000,0.980000,1527833947.924500,b,m,201806010619
581.000000,1.000000,1527833947.927700,b,m,201806010619
581.000000,1.000000,1527833947.930200,b,m,201806010619
581.000000,1.000000,1527833947.933000,b,m,201806010619
581.000000,0.057000,1527833947.936700,b,m,201806010619
581.000000,0.943000,1527833947.940700,b,m,201806010619
581.000000,4.057000,1527833947.943800,b,m,201806010619
581.000000,0.943000,1527833947.948500,b,m,201806010619
581.020000,0.500000,1527833947.952400,b,m,201806010619
581.020000,3.557000,1527833947.955000,b,m,201806010619
581.020000,2.000000,1527833947.978200,b,m,201806010619
580.020000,0.320669,1527833953.789800,s,l,201806010619
580.020000,0.178000,1527833953.793500,s,l,201806010619
580.020000,2.618507,1527833953.796000,s,l,201806010619
580.020000,0.882823,1527833953.798600,s,l,201806010619
580.000000,1.228000,1527833953.801800,s,l,201806010619
580.000000,118.141209,1527833953.823200,s,l,201806010619
579.970000,0.561608,1527833953.827600,s,l,201806010619
579.470000,4.151000,1527833953.839900,s,l,201806010619
579.430000,4.849000,1527833953.843800,s,l,201806010619
579.430000,0.020000,1527833955.861800,s,l,201806010619
579.430000,13.364400,1527833958.562000,s,l,201806010619
579.420000,4.774000,1527833962.546100,s,l,201806010619
579.280000,0.028000,1527834009.681800,b,l,201806010620
579.440000,0.028000,1527834013.245100,b,l,201806010620
579.440000,90.000000,1527834016.800700,b,l,201806010620
579.950000,0.028000,1527834021.073000,b,m,201806010620
579.960000,1.012000,1527834021.076500,b,m,201806010620
580.000000,0.100000,1527834021.080200,b,m,201806010620
580.390000,0.010000,1527834021.083500,b,m,201806010620
579.940000,0.867192,1527834029.338000,b,l,201806010620
580.330000,0.010000,1527834030.539100,b,m,201806010620
580.330000,93.375300,1527834034.217400,b,l,201806010620
580.360000,0.033000,1527834092.466400,b,l,201806010621
580.390000,0.018000,1527834100.601700,b,l,201806010621
580.950000,0.033000,1527834100.609500,b,l,201806010621
580.950000,0.065000,1527834101.460000,b,l,201806010621
580.970000,0.028000,1527834103.774700,b,l,201806010621
580.990000,0.002000,1527834103.780500,b,l,201806010621
580.990000,0.031000,1527834104.240600,b,l,201806010621
581.000000,0.021000,1527834104.244800,b,l,201806010621
581.010000,0.028000,1527834104.248900,b,l,201806010621
581.020000,4.528178,1527834104.253900,b,l,201806010621
581.020000,1.781822,1527834104.258800,b,l,201806010621
581.020000,1.833000,1527834107.126800,b,l,201806010621
581.180000,0.030000,1527834107.131200,b,l,201806010621
581.190000,0.031000,1527834107.134300,b,l,201806010621
581.200000,0.034000,1527834107.137800,b,l,201806010621
581.220000,17.000000,1527834117.265000,s,l,201806010621
581.220000,1.086539,1527834117.269500,s,l,201806010621
581.040000,0.497387,1527834117.274700,s,l,201806010621
580.570000,17.000000,1527834117.281300,s,l,201806010621
580.560000,2.990000,1527834117.284500,s,l,201806010621
580.540000,61.426074,1527834117.287900,s,l,201806010621
581.220000,0.257742,1527834118.847300,b,m,201806010621
581.580000,0.077349,1527834118.853300,b,m,201806010621
582.000000,1.000000,1527834118.857100,b,m,201806010621
582.000000,1.664909,1527834118.859700,b,m,201806010621
582.000000,0.225000,1527834118.874000,b,m,201806010621
582.000000,1.454725,1527834118.878200,b,m,201806010621
582.000000,0.320275,1527834118.881900,b,m,201806010621
582.000000,1.335091,1527834118.888800,b,m,201806010621
582.000000,0.664909,1527834118.892100,b,m,201806010621
582.000000,2.000000,1527834118.896000,b,m,201806010621
582.000000,1.000000,1527834118.899600,b,m,201806010621
582.000000,1.335091,1527834118.902700,b,m,201806010621
582.000000,0.091060,1527834118.906300,b,m,201806010621
582.550000,0.273849,1527834118.909300,b,m,201806010621
582.550000,3.300000,1527834118.913000,b,m,201806010621
580.460000,1.000000,1527834144.865300,s,m,201806010622
581.290000,0.133833,1527834149.669100,b,m,201806010622
581.290000,0.026000,1527834149.673300,b,m,201806010622
581.300000,0.033000,1527834149.676600,b,m,201806010622
581.310000,5.000000,1527834149.679400,b,m,201806010622
581.310000,0.000000,1527834149.683200,b,m,201806010622
581.310000,0.606869,1527834149.685800,b,m,201806010622
581.310000,2.877438,1527834149.688500,b,m,201806010622
581.310000,1.515693,1527834149.691300,b,m,201806010622
581.310000,10.000000,1527834149.693900,b,m,201806010622
581.310000,15.000000,1527834149.696700,b,m,201806010622
581.310000,10.000000,1527834149.699500,b,m,201806010622
581.850000,4.920554,1527834149.702400,b,m,201806010622
581.850000,0.975000,1527834149.706100,b,m,201806010622
581.860000,28.911613,1527834149.709400,b,m,201806010622
581.090000,0.233000,1527834160.524300,b,l,201806010622
580.530000,0.000000,1527834169.649900,s,m,201806010622
580.530000,8.494402,1527834169.654100,s,m,201806010622
580.400000,5.000000,1527834169.657300,s,m,201806010622
580.390000,17.000000,1527834169.660400,s,m,201806010622
580.380000,9.505598,1527834169.663300,s,m,201806010622
580.990000,4.870000,1527834174.181000,b,l,201806010622
581.200000,0.000000,1527834234.181000,b,m,201806010623
581.200000,0.028000,1527834253.238500,b,m,201806010624
581.200000,0.023000,1527834253.246800,b,m,201806010624
581.210000,0.023000,1527834253.249800,b,m,201806010624
581.220000,0.026000,1527834253.252900,b,m,201806010624
581.230000,0.028000,1527834253.256000,b,m,201806010624
581.240000,0.064000,1527834253.259300,b,m,201806010624
581.250000,0.048004,1527834253.263100,b,m,201806010624
581.250000,0.057000,1527834253.266200,b,m,201806010624
581.260000,0.702995,1527834253.269400,b,m,201806010624
581.630000,0.023000,1527834285.086400,b,m,201806010624
581.640000,0.021000,1527834285.093700,b,m,201806010624
581.640000,9.703000,1527834285.096500,b,m,201806010624
581.650000,0.059000,1527834285.099400,b,m,201806010624
581.670000,5.000000,1527834285.102000,b,m,201806010624
581.700000,0.021000,1527834285.104700,b,m,201806010624
581.720000,0.028000,1527834285.107400,b,m,201806010624
581.740000,0.028000,1527834285.110500,b,m,201806010624
581.840000,0.062000,1527834285.113100,b,m,201806010624
581.850000,0.024677,1527834285.116600,b,m,201806010624
581.860000,25.030323,1527834285.119900,b,m,201806010624
581.860000,0.000000,1527834285.123300,b,m,201806010624
581.700000,0.443414,1527834291.700400,b,l,201806010624
581.200000,5.000000,1527834296.108100,s,l,201806010624
581.160000,0.028629,1527834316.133800,b,l,201806010625
581.140000,0.000000,1527834325.623500,s,m,201806010625
581.140000,61.642710,1527834333.426100,s,l,201806010625
580.410000,1.630901,1527834339.474200,s,l,201806010625
580.300000,3.875000,1527834339.479400,s,l,201806010625
580.260000,14.605000,1527834339.482600,s,l,201806010625
580.230000,0.201203,1527834339.485200,s,l,201806010625
580.400000,0.030000,1527834352.069800,b,l,201806010625
580.410000,0.970000,1527834352.073900,b,l,201806010625
579.590000,0.798500,1527834361.614700,s,m,201806010626
579.580000,9.201500,1527834361.618500,s,m,201806010626
579.780000,3.046000,1527834399.421500,b,m,201806010626
579.840000,0.568880,1527834399.441600,b,m,201806010626
579.840000,0.568926,1527834399.445000,b,m,201806010626
579.850000,5.000000,1527834399.448500,b,m,201806010626
579.850000,5.000000,1527834399.451900,b,m,201806010626
580.020000,70.816194,1527834399.455400,b,m,201806010626
579.300000,0.802803,1527834407.881500,b,l,201806010626
579.300000,2.000000,1527834423.850100,b,m,201806010627
579.290000,0.302105,1527834462.291400,b,l,201806010627
579.300000,0.117415,1527834462.296900,b,l,201806010627
579.300000,1.035035,1527834489.821200,b,l,201806010628
579.300000,1.000000,1527834501.778300,b,l,201806010628
579.300000,8.000000,1527834507.239800,b,m,201806010628
579.250000,0.420390,1527834549.183000,s,l,201806010629
579.000000,0.200000,1527834551.907600,s,l,201806010629
579.000000,11.733363,1527834551.917000,s,l,201806010629
578.900000,0.034000,1527834551.920700,s,l,201806010629
578.820000,4.822237,1527834551.923200,s,l,201806010629
579.280000,0.440755,1527834563.177700,b,m,201806010629
579.280000,5.000000,1527834563.181800,b,m,201806010629
579.290000,0.434689,1527834563.184700,b,m,201806010629
579.290000,5.000000,1527834563.187400,b,m,201806010629
579.300000,6.835899,1527834563.190800,b,m,201806010629
579.300000,0.005464,1527834563.193000,b,m,201806010629
579.300000,0.000004,1527834563.195000,b,m,201806010629
579.850000,55.283188,1527834563.197700,b,m,201806010629
579.250000,10.000000,1527834564.036100,s,l,201806010629
579.000000,0.105169,1527834601.628200,b,l,201806010630
579.000000,0.000161,1527834601.632400,b,l,201806010630
579.120000,0.227467,1527834605.077200,b,l,201806010630
579.990000,0.059000,1527834609.611100,b,m,201806010630
579.990000,0.033950,1527834609.647100,b,m,201806010630
580.000000,10.000000,1527834609.651800,b,m,201806010630
580.150000,8.494402,1527834609.654500,b,m,201806010630
580.160000,0.033000,1527834609.657300,b,m,201806010630
580.180000,0.030000,1527834609.659900,b,m,201806010630
580.210000,0.026000,1527834609.662500,b,m,201806010630
580.210000,2.283000,1527834609.665400,b,m,201806010630
580.220000,0.026000,1527834609.668100,b,m,201806010630
580.360000,0.028000,1527834609.670600,b,m,201806010630
580.380000,0.033000,1527834609.673200,b,m,201806010630
580.440000,6.990000,1527834609.675800,b,m,201806010630
580.750000,0.034365,1527834609.678800,b,m,201806010630
580.760000,6.012164,1527834609.682100,b,m,201806010630
580.760000,5.917119,1527834609.721900,b,m,201806010630
579.980000,0.232449,1527834661.015400,s,l,201806010631
579.980000,8.067551,1527834664.148900,b,l,201806010631
579.990000,5.000000,1527834664.169100,b,l,201806010631
580.180000,6.990000,1527834664.172000,b,l,201806010631
580.380000,5.000000,1527834664.175400,b,l,201806010631
580.380000,14.241000,1527834665.866500,s,l,201806010631
580.380000,7.770000,1527834667.599100,s,l,201806010631
580.380000,7.719000,1527834668.492600,s,l,201806010631
580.380000,9.000000,1527834669.047500,s,l,201806010631
580.380000,7.860000,1527834671.068200,s,l,201806010631
580.380000,14.241000,1527834672.339200,s,l,201806010631
580.380000,7.531000,1527834672.615500,s,l,201806010631
580.380000,6.580449,1527834673.520200,s,l,201806010631
580.380000,0.000000,1527834673.525600,s,l,201806010631
580.100000,4.500000,1527834707.150900,b,l,201806010631
580.120000,84.082881,1527834707.160300,b,l,201806010631
580.120000,5.917119,1527834707.162800,b,l,201806010631
580.120000,3.000000,1527834755.967000,s,l,201806010632
580.230000,0.000000,1527834815.967000,b,l,201806010633
580.230000,0.030173,1527834851.444200,b,l,201806010634
580.240000,0.045025,1527834851.448200,b,l,201806010634
580.470000,0.043521,1527834851.451800,b,l,201806010634
580.490000,0.030000,1527834851.454300,b,l,201806010634
580.490000,0.021000,1527834851.456900,b,l,201806010634
580.500000,0.021000,1527834851.459400,b,l,201806010634
580.510000,0.028000,1527834851.461900,b,l,201806010634
580.520000,0.023000,1527834851.464300,b,l,201806010634
580.550000,0.513563,1527834851.466800,b,l,201806010634
580.580000,0.026000,1527834851.469600,b,l,201806010634
580.120000,2.500000,1527834925.082100,s,l,201806010635
580.120000,0.000000,1527834925.088600,s,l,201806010635
579.740000,0.021553,1527834970.193900,b,l,201806010636
580.000000,14.241000,1527834974.073300,s,l,201806010636
580.000000,0.100000,1527834983.483500,s,l,201806010636
580.000000,3.000000,1527834996.046300,s,l,201806010636
580.000000,14.241000,1527834999.622100,s,l,201806010636
580.210000,0.526000,1527835010.618600,b,m,201806010636
580.000000,3.000000,1527835040.168600,s,l,201806010637
580.000000,14.241000,1527835051.130300,s,l,201806010637
580.010000,1.000000,1527835053.782500,b,m,201806010637
580.010000,0.050000,1527835057.502500,b,l,201806010637
580.000000,0.315000,1527835060.957900,s,l,201806010637
580.210000,5.000000,1527835098.046300,b,l,201806010638
580.330000,0.143713,1527835098.068200,b,l,201806010638
580.340000,0.021000,1527835098.071100,b,l,201806010638
580.400000,17.229000,1527835098.073900,b,l,201806010638
580.400000,0.952000,1527835098.076600,b,l,201806010638
580.410000,27.494733,1527835098.079800,b,l,201806010638
580.410000,28.014222,1527835098.082900,b,l,201806010638
580.410000,21.145331,1527835098.085200,b,l,201806010638
580.150000,0.845000,1527835117.614900,s,l,201806010638
580.200000,0.033000,1527835130.330500,b,l,201806010638
580.540000,0.028000,1527835130.377000,b,l,201806010638
580.550000,0.026000,1527835130.380300,b,l,201806010638
580.560000,0.028000,1527835130.382900,b,l,201806010638
580.570000,0.026000,1527835130.385600,b,l,201806010638
580.590000,0.023000,1527835130.388100,b,l,201806010638
580.660000,6.000000,1527835130.391500,b,l,201806010638
580.700000,2.746336,1527835130.394500,b,l,201806010638
580.700000,12.500000,1527835130.397200,b,l,201806010638
580.700000,5.000000,1527835130.399400,b,l,201806010638
580.700000,0.218467,1527835130.401600,b,l,201806010638
580.700000,13.618197,1527835130.403800,b,l,201806010638
580.720000,0.166358,1527835130.407400,b,l,201806010638
580.760000,0.026000,1527835130.410400,b,l,201806010638
580.770000,0.028000,1527835130.413100,b,l,201806010638
580.780000,0.020000,1527835130.416600,b,l,201806010638
580.840000,0.023000,1527835130.419500,b,l,201806010638
580.960000,0.917000,1527835130.422500,b,l,201806010638
581.000000,9.413089,1527835134.590700,s,l,201806010638
581.000000,2.900000,1527835134.613000,s,l,201806010638
581.000000,1.927911,1527835134.640200,s,l,201806010638
581.000000,14.241000,1527835138.993300,s,l,201806010638
581.000000,0.020000,1527835145.687700,s,l,201806010639
581.000000,14.241000,1527835150.779400,s,l,201806010639
581.000000,1.000000,1527835160.198300,s,l,201806010639
581.010000,0.023000,1527835179.607800,b,m,201806010639
581.010000,1.553778,1527835179.615600,b,m,201806010639
581.000000,0.221000,1527835196.708300,s,l,201806010639
581.040000,0.045000,1527835198.983500,b,l,201806010639
581.120000,0.005000,1527835198.989200,b,l,201806010639
581.120000,0.016000,1527835199.669200,b,l,201806010639
581.130000,0.033000,1527835200.782500,b,l,201806010640
581.140000,0.028000,1527835200.789000,b,l,201806010640
581.150000,0.054000,1527835200.791600,b,l,201806010640
581.160000,0.026000,1527835200.794100,b,l,201806010640
581.170000,0.030000,1527835200.796600,b,l,201806010640
581.180000,0.031000,1527835200.799100,b,l,201806010640
581.180000,6.098000,1527835200.801800,b,l,201806010640
581.180000,0.089000,1527835201.136900,b,l,201806010640
581.190000,0.021000,1527835203.122700,b,l,201806010640
581.200000,0.034000,1527835203.129700,b,l,201806010640
581.240000,10.935000,1527835203.133100,b,l,201806010640
581.240000,12.522814,1527835204.737600,b,l,201806010640
581.370000,6.000000,1527835204.744000,b,l,201806010640
581.400000,0.088880,1527835204.748300,b,l,201806010640
581.480000,0.020000,1527835204.752900,b,l,201806010640
581.590000,1.767000,1527835204.756500,b,l,201806010640
582.000000,7.950394,1527835204.761400,b,l,201806010640
582.000000,42.049606,1527835204.766700,b,l,201806010640
582.000000,0.067197,1527835205.593300,s,l,201806010640
582.010000,0.029900,1527835207.667200,s,l,201806010640
582.010000,0.550000,1527835207.790600,s,m,201806010640
582.010000,0.047200,1527835208.572700,s,l,201806010640
582.010000,0.047200,1527835209.083100,s,l,201806010640
582.060000,1.000000,1527835211.049200,s,m,201806010640
582.070000,0.020000,1527835213.149000,b,l,201806010640
582.060000,0.033400,1527835216.238900,s,l,201806010640
582.070000,0.020000,1527835216.700200,b,l,201806010640
582.070000,0.020000,1527835217.994700,b,l,201806010640
582.060000,0.393722,1527835218.353900,s,l,201806010640
582.070000,0.020000,1527835218.611200,b,l,201806010640
582.060000,0.033500,1527835218.852200,s,l,201806010640
582.060000,0.033400,1527835220.749900,s,l,201806010640
582.060000,0.593900,1527835220.894300,s,l,201806010640
582.070000,0.020000,1527835220.952200,b,l,201806010640
582.060000,0.360622,1527835221.054800,s,l,201806010640
582.060000,0.244300,1527835221.068700,s,l,201806010640
582.070000,0.020000,1527835222.971900,b,l,201806010640
582.060000,0.020000,1527835224.676800,b,l,201806010640
582.050000,0.020000,1527835226.775200,b,l,201806010640
582.010000,0.987700,1527835229.039400,s,l,201806010640
582.040000,0.061858,1527835229.832400,b,m,201806010640
582.050000,7.149000,1527835229.837200,b,m,201806010640
582.050000,0.021000,1527835229.839700,b,m,201806010640
582.060000,2.815933,1527835229.842200,b,m,201806010640
582.070000,7.149000,1527835229.844900,b,m,201806010640
582.360000,0.047762,1527835229.848000,b,m,201806010640
582.420000,0.854483,1527835229.850600,b,m,201806010640
582.440000,3.495490,1527835229.854100,b,m,201806010640
582.600000,0.343290,1527835229.857700,b,m,201806010640
582.800000,11.000000,1527835229.860700,b,m,201806010640
583.000000,6.000000,1527835230.820200,b,m,201806010640
583.000000,5.000000,1527835230.831800,b,m,201806010640
583.000000,0.850000,1527835230.836200,b,m,201806010640
583.000000,5.990419,1527835230.839300,b,m,201806010640
583.000000,0.009569,1527835230.841900,b,m,201806010640
583.000000,0.000012,1527835230.844000,b,m,201806010640
583.270000,49.212183,1527835230.846700,b,m,201806010640
583.270000,0.787817,1527835230.877600,b,m,201806010640
583.390000,1.690000,1527835230.880600,b,m,201806010640
583.390000,2.522183,1527835230.883300,b,m,201806010640
582.040000,0.020000,1527835234.257200,s,l,201806010640
582.040000,0.020000,1527835234.263500,s,l,201806010640
582.030000,5.000000,1527835234.267000,s,l,201806010640
582.030000,0.600000,1527835238.108700,b,m,201806010640
582.030000,0.020000,1527835238.237700,b,l,201806010640
582.020000,0.521670,1527835238.431200,s,l,201806010640
582.030000,1.489000,1527835238.604100,b,l,201806010640
583.300000,20.000000,1527835238.607800,b,l,201806010640
583.360000,2.294262,1527835238.610800,b,l,201806010640
583.370000,34.099935,1527835238.613400,b,l,201806010640
583.370000,44.829065,1527835238.616800,b,l,201806010640
583.370000,0.026000,1527835238.619800,b,l,201806010640
583.380000,17.000000,1527835238.622400,b,l,201806010640
583.390000,2.331475,1527835238.625200,b,l,201806010640
583.390000,15.611144,1527835238.628300,b,l,201806010640
583.390000,5.847136,1527835238.630500,b,l,201806010640
583.390000,0.011864,1527835238.633200,b,l,201806010640
583.390000,7.759197,1527835238.635700,b,l,201806010640
583.400000,12.000000,1527835238.638300,b,l,201806010640
583.470000,34.584118,1527835238.641700,b,l,201806010640
583.470000,55.415882,1527835238.645500,b,l,201806010640
583.510000,5.012700,1527835238.648400,b,l,201806010640
583.770000,0.861158,1527835238.652300,b,l,201806010640
583.880000,12.500000,1527835238.656000,b,l,201806010640
584.000000,5.000000,1527835238.658300,b,l,201806010640
584.000000,0.396324,1527835238.661400,b,l,201806010640
584.000000,0.023576,1527835238.664200,b,l,201806010640
584.000000,1.870361,1527835238.667000,b,l,201806010640
584.000000,2.284050,1527835238.669400,b,l,201806010640
584.000000,2.284050,1527835238.671700,b,l,201806010640
584.000000,0.793000,1527835238.674300,b,l,201806010640
584.000000,1.491050,1527835238.676700,b,l,201806010640
584.000000,1.724138,1527835238.679400,b,l,201806010640
584.000000,1.000000,1527835238.683300,b,l,201806010640
584.000000,4.500000,1527835238.687000,b,l,201806010640
584.000000,6.960516,1527835238.690700,b,l,201806010640
584.000000,0.600000,1527835238.701100,b,m,201806010640
584.000000,0.034840,1527835238.708100,b,m,201806010640
584.000000,0.965160,1527835238.712000,b,m,201806010640
582.020000,3.700000,1527835238.718100,s,m,201806010640
582.020000,0.031000,1527835239.243000,s,l,201806010640
582.320000,0.020000,1527835241.340100,b,l,201806010640
582.030000,0.020000,1527835242.883700,s,m,201806010640
582.010000,1.980000,1527835242.886700,s,m,201806010640
582.320000,0.020000,1527835243.255500,b,l,201806010640
582.320000,0.012176,1527835244.777500,b,l,201806010640
582.320000,0.007824,1527835245.381800,s,l,201806010640
582.310000,0.020000,1527835247.481600,b,l,201806010640
582.100000,2.000000,1527835248.314500,s,m,201806010640
582.310000,0.005176,1527835249.031500,b,l,201806010640
582.610000,5.000000,1527835251.224000,b,l,201806010640
582.980000,0.033000,1527835251.232200,b,l,201806010640
582.980000,0.088000,1527835251.235100,b,l,201806010640
582.470000,0.521855,1527835260.719300,s,l,201806010641
582.470000,1.299748,1527835264.749800,s,l,201806010641
582.470000,0.020000,1527835270.120600,s,m,201806010641
582.470000,1.279397,1527835270.325600,s,l,201806010641
582.470000,0.020000,1527835272.304200,b,l,201806010641
582.470000,0.020000,1527835275.188600,b,l,201806010641
582.460000,0.020000,1527835277.194600,b,l,201806010641
582.460000,0.013000,1527835277.569500,b,l,201806010641
582.470000,0.007000,1527835277.572500,b,l,201806010641
582.020000,0.020000,1527835278.968300,s,l,201806010641
582.460000,0.020000,1527835279.616300,b,l,201806010641
582.460000,0.020000,1527835281.244600,b,l,201806010641
582.460000,0.020000,1527835282.395500,b,l,201806010641
582.460000,0.020000,1527835284.263400,b,l,201806010641
582.460000,0.020000,1527835286.076100,b,l,201806010641
582.460000,0.020000,1527835288.991700,b,l,201806010641
582.020000,2.000000,1527835290.713500,s,l,201806010641
582.450000,0.020000,1527835290.848800,b,l,201806010641
582.020000,2.000000,1527835293.580300,s,l,201806010641
582.450000,0.010000,1527835293.587800,b,l,201806010641
582.460000,0.010000,1527835293.591600,b,l,201806010641
582.460000,0.600000,1527835294.521600,b,m,201806010641
582.460000,0.005000,1527835297.043300,b,m,201806010641
582.460000,0.020000,1527835297.988400,b,l,201806010641
582.460000,0.020000,1527835299.441200,b,l,201806010641
582.460000,0.020000,1527835300.978700,b,l,201806010641
582.460000,0.020000,1527835302.026300,b,l,201806010641
582.460000,0.020000,1527835305.263200,b,l,201806010641
582.460000,0.471000,1527835311.283300,b,m,201806010641
582.460000,0.030000,1527835311.294400,b,m,201806010641
582.620000,0.031000,1527835311.297000,b,m,201806010641
582.630000,0.030000,1527835311.299500,b,m,201806010641
582.640000,0.030624,1527835311.302200,b,m,201806010641
582.880000,0.030631,1527835311.304700,b,m,201806010641
582.890000,0.543361,1527835311.307100,b,m,201806010641
582.450000,0.020000,1527835316.656900,s,l,201806010641
582.450000,8.280000,1527835317.296700,b,l,201806010641
582.460000,60.306030,1527835317.300700,b,l,201806010641
582.460000,21.347970,1527835317.304100,b,l,201806010641
582.460000,8.628000,1527835317.306700,b,l,201806010641
582.460000,5.000000,1527835317.309200,b,l,201806010641
582.610000,0.033000,1527835317.311800,b,l,201806010641
582.880000,0.071823,1527835317.314500,b,l,201806010641
582.880000,0.023000,1527835317.317100,b,l,201806010641
582.890000,4.237639,1527835317.319700,b,l,201806010641
582.960000,1.566000,1527835317.322800,b,l,201806010641
582.970000,0.047000,1527835317.325400,b,l,201806010641
583.400000,8.700000,1527835317.327900,b,l,201806010641
583.530000,2.617481,1527835317.331200,b,l,201806010641
583.620000,0.038000,1527835317.781000,s,l,201806010641
583.620000,0.128800,1527835318.264800,s,l,201806010641
583.620000,0.968595,1527835320.017500,s,l,201806010642
583.630000,5.000000,1527835322.677500,b,l,201806010642
583.690000,24.136000,1527835322.681900,b,l,201806010642
583.840000,1.560322,1527835322.684500,b,l,201806010642
583.850000,0.040000,1527835322.687500,b,l,201806010642
583.850000,5.000000,1527835322.690200,b,l,201806010642
583.850000,8.272670,1527835322.692700,b,l,201806010642
583.860000,17.166000,1527835322.695400,b,l,201806010642
583.860000,1.886047,1527835322.698900,b,l,201806010642
583.860000,236.938960,1527835322.701500,b,l,201806010642
582.910000,0.020000,1527835325.451500,b,l,201806010642
582.460000,5.000000,1527835335.135800,s,m,201806010642
582.460000,4.655889,1527835335.153400,s,l,201806010642
582.460000,9.944111,1527835336.984300,s,l,201806010642
582.450000,0.020000,1527835344.789900,b,l,201806010642
582.340000,0.020000,1527835349.136000,b,l,201806010642
582.320000,0.020000,1527835357.798000,b,l,201806010642
582.320000,0.010000,1527835364.244200,b,l,201806010642
582.320000,0.010000,1527835364.268500,b,l,201806010642
582.250000,0.020000,1527835371.101100,b,l,201806010642
582.020000,0.357516,1527835385.782800,s,l,201806010643
582.010000,2.676084,1527835385.787900,s,l,201806010643
582.010000,0.310916,1527835391.778800,s,l,201806010643
582.010000,0.020000,1527835392.571200,b,l,201806010643
582.010000,0.020000,1527835396.807900,b,l,201806010643
582.010000,0.020000,1527835401.824300,b,l,201806010643
582.000000,0.038758,1527835402.401800,s,l,201806010643
582.010000,0.020000,1527835407.488800,b,l,201806010643
582.010000,0.020000,1527835412.508500,b,l,201806010643
582.010000,0.020000,1527835418.343600,b,l,201806010643
582.010000,0.020000,1527835421.815900,b,l,201806010643
582.010000,0.020000,1527835427.825100,b,l,201806010643
582.000000,0.500000,1527835432.772000,s,m,201806010643
582.010000,0.020000,1527835433.700700,b,l,201806010643
582.010000,0.020000,1527835439.828600,b,l,201806010643
582.010000,0.020000,1527835449.341200,b,l,201806010644
582.000000,14.241000,1527835450.700300,s,l,201806010644
582.000000,1.000000,1527835451.380900,s,m,201806010644
582.000000,1.000000,1527835455.994400,s,m,201806010644
582.010000,0.020000,1527835457.419700,b,l,201806010644
582.000000,12.754350,1527835459.752700,s,l,201806010644
582.000000,1.486650,1527835459.757300,s,l,201806010644
582.000000,3.933000,1527835461.042600,s,l,201806010644
582.010000,0.020000,1527835464.574700,b,l,201806010644
582.000000,4.580350,1527835464.662800,s,l,201806010644
581.890000,0.020000,1527835469.907100,b,l,201806010644
581.420000,0.020000,1527835474.750700,b,l,201806010644
581.000000,0.020000,1527835481.732200,b,l,201806010644
580.900000,0.020000,1527835489.917900,b,l,201806010644
580.900000,0.090000,1527835492.685200,b,m,201806010644
581.420000,3.910000,1527835492.693800,b,m,201806010644
580.890000,0.020000,1527835495.566300,b,l,201806010644
581.590000,0.020000,1527835502.495700,b,l,201806010645
580.880000,1.000000,1527835504.842700,s,m,201806010645
581.520000,3.000000,1527835508.978000,b,m,201806010645
581.510000,2.940000,1527835512.781000,b,m,201806010645
581.520000,2.000000,1527835512.794200,b,m,201806010645
581.580000,0.060000,1527835512.796800,b,m,201806010645
580.890000,0.045878,1527835513.689400,s,m,201806010645
580.640000,0.954122,1527835513.695300,s,m,201806010645
581.510000,0.020000,1527835524.628600,b,l,201806010645
581.320000,0.020000,1527835532.284200,b,l,201806010645
581.280000,0.020000,1527835536.764900,b,l,201806010645
580.660000,0.093297,1527835536.908000,s,l,201806010645
580.650000,0.539485,1527835536.912200,s,l,201806010645
580.640000,0.367218,1527835536.914900,s,l,201806010645
581.270000,0.020000,1527835541.893200,b,l,201806010645
581.270000,0.020000,1527835547.813200,b,l,201806010645
581.260000,0.020000,1527835551.810200,b,l,201806010645
581.260000,0.020000,1527835558.742600,b,l,201806010645
581.260000,0.020000,1527835564.439000,b,l,201806010646
580.640000,0.025315,1527835569.536400,s,l,201806010646
580.820000,5.000000,1527835607.387700,s,l,201806010646
580.640000,3.653344,1527835607.411700,s,l,201806010646
580.510000,0.061515,1527835607.414600,s,l,201806010646
580.410000,6.990000,1527835607.417400,s,l,201806010646
580.170000,2.928000,1527835607.420700,s,l,201806010646
580.140000,0.247945,1527835607.424100,s,l,201806010646
580.100000,0.287000,1527835607.427700,s,l,201806010646
580.000000,5.000000,1527835607.430700,s,l,201806010646
580.000000,17.199000,1527835607.433400,s,l,201806010646
579.970000,21.145331,1527835607.436700,s,l,201806010646
579.970000,34.584118,1527835607.439300,s,l,201806010646
579.970000,2.903747,1527835607.441800,s,l,201806010646
580.900000,0.587341,1527835651.943300,s,l,201806010647
580.890000,1.529462,1527835651.947300,s,l,201806010647
580.890000,3.470538,1527835651.950800,s,l,201806010647
580.890000,5.000000,1527835651.953400,s,l,201806010647
580.250000,8.494402,1527835651.955800,s,l,201806010647
580.240000,2.860000,1527835651.958500,s,l,201806010647
580.240000,17.200000,1527835651.961200,s,l,201806010647
580.200000,12.032000,1527835651.964000,s,l,201806010647
580.050000,52.512135,1527835651.967400,s,l,201806010647
580.050000,27.314122,1527835651.969700,s,l,201806010647
581.170000,0.021000,1527835654.484700,s,l,201806010647
580.520000,0.000000,1527835714.484700,s,m,201806010648
580.520000,0.000000,1527835774.484700,s,m,201806010649
580.520000,0.478360,1527835841.053700,s,m,201806010650
581.010000,0.021000,1527835871.299700,b,m,201806010651
581.020000,0.129000,1527835871.304300,b,m,201806010651
580.530000,0.249041,1527835915.797800,s,m,201806010651
580.530000,0.000489,1527835915.807200,s,m,201806010651
580.440000,0.000000,1527835975.807200,s,m,201806010652
580.440000,0.049379,1527835984.092300,s,m,201806010653
580.390000,2.000000,1527836089.685300,s,l,201806010654
580.720000,0.136785,1527836152.183500,b,l,201806010655
580.270000,0.000000,1527836212.183500,b,l,201806010656
580.270000,0.000000,1527836272.183500,b,l,201806010657
580.270000,0.000000,1527836332.183500,b,l,201806010658
580.270000,0.029735,1527836343.792600,b,l,201806010659
580.280000,5.000000,1527836343.799600,b,l,201806010659
580.300000,0.139082,1527836343.803100,b,l,201806010659
580.300000,0.000222,1527836343.805200,b,l,201806010659
580.300000,0.000000,1527836343.807700,b,l,201806010659
580.400000,0.029349,1527836343.810200,b,l,201806010659
580.540000,0.029552,1527836343.812900,b,l,201806010659
580.560000,2.772059,1527836343.815500,b,l,201806010659
580.250000,0.151887,1527836345.272200,s,l,201806010659
580.200000,3.960040,1527836372.690500,b,l,201806010659
580.490000,0.033000,1527836413.352900,b,l,201806010700
580.500000,0.021000,1527836413.356800,b,l,201806010700
580.510000,0.033000,1527836413.359300,b,l,201806010700
580.610000,2.640026,1527836413.362500,b,l,201806010700
580.790000,8.389341,1527836416.300700,b,l,201806010700
580.930000,0.026000,1527836416.304700,b,l,201806010700
580.960000,0.033594,1527836416.307500,b,l,201806010700
580.960000,2.606433,1527836418.839900,b,l,201806010700
581.010000,0.028000,1527836419.083600,b,l,201806010700
581.050000,0.026000,1527836419.739400,b,l,201806010700
581.060000,0.002000,1527836419.743000,b,l,201806010700
581.060000,0.019000,1527836422.988100,b,l,201806010700
581.220000,0.028000,1527836422.991200,b,l,201806010700
581.240000,0.016000,1527836422.994300,b,l,201806010700
581.240000,0.045000,1527836425.585200,b,l,201806010700
581.380000,0.018000,1527836425.589400,b,l,201806010700
581.380000,0.003000,1527836428.735400,b,l,201806010700
581.390000,0.018000,1527836428.740900,b,l,201806010700
581.390000,0.003000,1527836428.750000,b,l,201806010700
581.400000,0.021000,1527836428.753600,b,l,201806010700
581.610000,2.196000,1527836429.692400,b,l,201806010700
581.900000,0.026000,1527836429.696200,b,l,201806010700
581.910000,84.778000,1527836429.698900,b,l,201806010700
581.910000,2.222000,1527836431.119000,b,l,201806010700
582.760000,0.880009,1527836444.148300,b,m,201806010700
583.080000,1.056000,1527836444.152100,b,m,201806010700
583.140000,2.063991,1527836444.155500,b,m,201806010700
583.030000,0.400000,1527836481.130700,b,m,201806010701
583.030000,0.600000,1527836481.137500,b,m,201806010701
583.030000,1.600000,1527836481.143800,b,m,201806010701
583.030000,0.400000,1527836481.150600,b,m,201806010701
583.030000,0.400000,1527836481.156700,b,m,201806010701
583.030000,0.400000,1527836481.164100,b,m,201806010701
582.610000,0.357649,1527836492.542600,s,l,201806010701
582.610000,81.037388,1527836492.551100,s,l,201806010701
582.240000,3.227881,1527836527.421700,b,l,201806010702
582.220000,0.023000,1527836534.606800,b,m,201806010702
582.230000,0.023000,1527836534.612200,b,m,201806010702
582.240000,0.058714,1527836534.615500,b,m,201806010702
582.150000,0.030000,1527836543.840500,b,l,201806010702
582.160000,1.323392,1527836543.844300,b,l,201806010702
582.090000,1.411487,1527836554.329500,b,l,201806010702
582.090000,1.724891,1527836554.395500,b,l,201806010702
582.090000,0.131622,1527836555.926700,b,l,201806010702
582.140000,0.586673,1527836555.931800,b,l,201806010702
582.140000,0.021000,1527836555.934500,b,l,201806010702
582.060000,0.000000,1527836615.934500,b,l,201806010703
582.060000,0.391115,1527836652.803000,b,l,201806010704
582.110000,0.359485,1527836652.807900,b,l,201806010704
581.970000,0.260743,1527836683.334200,b,l,201806010704
581.990000,0.521278,1527836725.430300,b,l,201806010705
581.990000,0.000208,1527836725.435100,b,l,201806010705
581.990000,0.000000,1527836725.437100,b,l,201806010705
582.030000,0.092430,1527836787.205300,b,l,201806010706
582.040000,0.068941,1527836787.210200,b,l,201806010706
582.230000,0.035000,1527836787.213400,b,l,201806010706
582.230000,0.321161,1527836787.217700,b,l,201806010706
582.030000,0.068919,1527836788.041000,b,l,201806010706
582.100000,0.053213,1527836792.870700,b,l,201806010706
582.100000,1.843844,1527836804.453400,b,l,201806010706
582.100000,4.121096,1527836807.993700,b,l,201806010706
582.220000,1.674761,1527836813.307300,s,l,201806010706
582.220000,0.604573,1527836813.661900,s,l,201806010706
581.820000,1.838666,1527836820.212000,s,l,201806010707
582.230000,0.478839,1527836827.308900,b,l,201806010707
582.230000,0.033000,1527836827.312700,b,l,201806010707
582.230000,1.170123,1527836827.315200,b,l,201806010707
582.280000,0.445305,1527836873.695800,b,l,201806010707
582.290000,0.031000,1527836873.698800,b,l,201806010707
582.310000,0.021000,1527836873.701500,b,l,201806010707
582.340000,0.026000,1527836873.735100,b,l,201806010707
582.450000,0.030000,1527836875.239400,b,l,201806010707
582.460000,0.022000,1527836875.245000,b,l,201806010707
582.460000,0.021000,1527836875.693100,b,l,201806010707
582.460000,0.009000,1527836876.500800,b,l,201806010707
582.670000,0.031000,1527836878.324700,b,l,201806010707
582.680000,0.466387,1527836878.329200,b,l,201806010707
582.770000,0.021000,1527836881.336100,b,l,201806010708
582.830000,0.030000,1527836881.340100,b,l,201806010708
582.840000,0.033000,1527836881.342600,b,l,201806010708
583.000000,0.500000,1527836881.345700,b,l,201806010708
583.120000,3.176000,1527836881.348100,b,l,201806010708
583.120000,0.584000,1527836882.389000,b,l,201806010708
583.210000,0.026000,1527836882.395000,b,l,201806010708
583.490000,2.815933,1527836882.398200,b,l,201806010708
583.500000,0.500000,1527836882.401500,b,l,201806010708
583.520000,2.617481,1527836882.404700,b,l,201806010708
583.640000,27.314122,1527836882.408000,b,l,201806010708
583.640000,62.685878,1527836882.410300,b,l,201806010708
583.660000,14.886120,1527836882.413400,b,l,201806010708
583.660000,0.005880,1527836882.415500,b,l,201806010708
583.720000,5.990000,1527836882.418600,b,l,201806010708
584.030000,1.563000,1527836882.421900,b,l,201806010708
584.040000,0.100000,1527836882.425200,b,l,201806010708
584.040000,0.150000,1527836882.428100,b,l,201806010708
584.320000,0.342280,1527836882.431400,b,l,201806010708
584.470000,0.845815,1527836882.434200,b,l,201806010708
584.480000,3.420515,1527836882.437000,b,l,201806010708
584.500000,11.171000,1527836882.439800,b,l,201806010708
584.600000,0.050919,1527836882.443100,b,l,201806010708
584.600000,0.000081,1527836882.445200,b,l,201806010708
584.600000,0.000000,1527836882.447400,b,l,201806010708
584.600000,6.830200,1527836882.450600,b,l,201806010708
584.800000,13.000000,1527836882.453800,b,l,201806010708
584.900000,26.323803,1527836882.456500,b,l,201806010708
584.900000,7.759197,1527836882.458800,b,l,201806010708
585.000000,6.658896,1527836882.461800,b,l,201806010708
585.000000,0.002654,1527836882.464000,b,l,201806010708
585.000000,5.000000,1527836882.469900,b,l,201806010708
585.000000,88.000000,1527836882.472900,b,l,201806010708
585.000000,5.000000,1527836882.482300,b,l,201806010708
585.000000,6.356227,1527836882.486000,b,l,201806010708
582.270000,0.949302,1527836882.507100,s,m,201806010708
582.270000,0.000698,1527836882.509900,s,m,201806010708
585.000000,10.000000,1527836882.516100,b,m,201806010708
585.000000,3.000000,1527836882.520700,b,m,201806010708
585.000000,5.000000,1527836882.532200,b,m,201806010708
585.000000,0.200000,1527836882.541100,b,m,201806010708
585.000000,7.000000,1527836882.547300,b,m,201806010708
582.270000,3.000000,1527836882.554100,s,m,201806010708
582.270000,0.200000,1527836882.559400,s,m,201806010708
582.270000,0.500000,1527836882.565100,s,m,201806010708
582.270000,0.350000,1527836882.572300,s,m,201806010708
582.270000,7.650000,1527836882.576000,s,m,201806010708
582.760000,0.079680,1527836883.085300,b,l,201806010708
583.120000,0.100000,1527836890.779800,s,m,201806010708
583.130000,0.507805,1527836918.627200,s,l,201806010708
582.700000,2.109676,1527836918.632800,s,l,201806010708
583.410000,0.026000,1527836936.900600,b,l,201806010708
583.830000,0.416178,1527836956.041400,b,l,201806010709
583.270000,0.026000,1527836970.441200,s,l,201806010709
583.240000,2.454800,1527836970.450400,s,l,201806010709
583.230000,0.051000,1527836970.453600,s,l,201806010709
582.710000,0.085681,1527836970.456900,s,l,201806010709
583.770000,0.051948,1527836982.394900,b,m,201806010709
583.780000,0.555052,1527836982.402100,b,m,201806010709
583.760000,0.023000,1527836994.326300,b,l,201806010709
583.810000,0.023000,1527836997.975400,b,l,201806010709
583.820000,0.024000,1527836997.978000,b,l,201806010709
583.870000,0.024000,1527837008.898800,b,m,201806010710
583.950000,0.033000,1527837008.901800,b,m,201806010710
583.950000,0.443000,1527837008.905200,b,m,201806010710
583.500000,2.617481,1527837015.116800,s,l,201806010710
583.660000,0.033000,1527837040.115600,b,l,201806010710
583.670000,0.023000,1527837040.120500,b,l,201806010710
583.680000,0.037000,1527837040.123600,b,l,201806010710
583.680000,0.023000,1527837040.566700,b,l,201806010710
583.680000,0.009930,1527837043.706100,b,l,201806010710
583.700000,0.023000,1527837043.711700,b,l,201806010710
583.860000,0.033000,1527837043.714400,b,l,201806010710
583.980000,0.024000,1527837043.716900,b,l,201806010710
584.090000,0.033000,1527837043.719500,b,l,201806010710
584.210000,1.500000,1527837044.643500,b,l,201806010710
584.080000,0.026000,1527837050.399300,b,l,201806010710
584.800000,5.980000,1527837053.760800,b,l,201806010710
584.990000,0.555000,1527837057.037800,b,m,201806010710
584.980000,0.030042,1527837057.404100,s,l,201806010710
585.000000,0.220000,1527837058.871700,b,l,201806010710
584.980000,4.969958,1527837059.583400,s,l,201806010710
584.900000,6.160000,1527837064.802100,b,l,201806010711
584.690000,0.031000,1527837067.292400,b,l,201806010711
584.700000,4.412000,1527837067.295200,b,l,201806010711
584.690000,2.617481,1527837073.920700,s,l,201806010711
584.980000,0.225428,1527837074.697000,b,l,201806010711
585.000000,0.000572,1527837074.701200,b,l,201806010711
584.980000,0.033000,1527837077.458700,b,l,201806010711
584.920000,0.700000,1527837085.615200,b,m,201806010711
584.920000,1.700000,1527837086.781500,b,m,201806010711
584.690000,0.020000,1527837098.395400,b,m,201806010711
584.320000,0.021000,1527837139.437200,b,l,201806010712
584.230000,2.617481,1527837156.434000,s,l,201806010712
584.280000,0.150000,1527837163.259900,b,l,201806010712
584.280000,1.000000,1527837163.675900,b,m,201806010712
584.200000,0.396000,1527837173.832700,s,l,201806010712
584.200000,1.104000,1527837175.899100,s,l,201806010712
584.190000,5.000000,1527837175.904200,s,l,201806010712
584.000000,1.000000,1527837175.907600,s,l,201806010712
584.000000,2.896000,1527837176.609900,b,l,201806010712
584.270000,0.026000,1527837176.646600,b,l,201806010712
584.470000,0.033000,1527837189.089500,b,l,201806010713
584.480000,0.204235,1527837214.419100,b,l,201806010713
583.840000,1.308122,1527837258.657200,s,l,201806010714
584.010000,2.617481,1527837287.610200,s,l,201806010714
584.000000,0.395475,1527837306.904700,s,l,201806010715
583.340000,2.355922,1527837320.322500,s,l,201806010715
583.350000,3.590940,1527837321.757700,b,l,201806010715
583.360000,3.426355,1527837321.760800,b,l,201806010715
583.340000,2.322235,1527837324.592100,s,l,201806010715
583.340000,0.321843,1527837326.570400,s,l,201806010715
583.340000,1.869116,1527837326.574300,s,l,201806010715
583.350000,0.555000,1527837329.863100,s,l,201806010715
583.340000,2.062481,1527837329.866500,s,l,201806010715
583.340000,1.068403,1527837330.877600,s,l,201806010715
583.330000,1.070716,1527837335.032000,b,l,201806010715
583.520000,0.335800,1527837376.804100,s,l,201806010716
583.200000,1.725256,1527837376.810600,s,l,201806010716
583.540000,1.132868,1527837465.149000,s,l,201806010717
583.470000,1.919627,1527837522.879600,b,l,201806010718
583.440000,0.078000,1527837534.978300,b,l,201806010718
583.440000,0.522021,1527837540.972300,b,l,201806010719
583.450000,5.000000,1527837540.978600,b,l,201806010719
583.450000,4.477422,1527837540.982500,b,l,201806010719
583.450000,0.522578,1527837541.443100,b,l,201806010719
583.430000,1.992036,1527837543.417300,b,l,201806010719
583.290000,5.000000,1527837568.632800,s,m,201806010719
583.270000,0.315248,1527837568.638400,s,m,201806010719
582.610000,0.077000,1527837568.641100,s,m,201806010719
582.580000,4.607752,1527837568.643800,s,m,201806010719
583.420000,5.000000,1527837572.537100,s,l,201806010719
583.100000,0.037800,1527837581.953100,b,l,201806010719
583.110000,9.241000,1527837581.958200,b,l,201806010719
583.410000,0.455951,1527837583.737700,b,l,201806010719
583.510000,0.026000,1527837587.433100,b,l,201806010719
583.030000,0.000000,1527837647.433100,s,l,201806010720
583.030000,0.000000,1527837707.433100,s,l,201806010721
583.030000,0.856544,1527837721.061600,s,l,201806010722
583.020000,0.679495,1527837721.067100,s,l,201806010722
583.010000,3.105000,1527837721.069800,s,l,201806010722
583.000000,10.000000,1527837721.073500,s,l,201806010722
583.000000,1.906000,1527837721.076200,s,l,201806010722
583.000000,3.000000,1527837721.078900,s,l,201806010722
583.000000,0.300000,1527837721.081700,s,l,201806010722
583.000000,1.200000,1527837721.084500,s,l,201806010722
583.000000,13.594000,1527837721.086900,s,l,201806010722
582.620000,2.748000,1527837726.151100,s,m,201806010722
582.610000,5.000000,1527837726.154300,s,m,201806010722
582.550000,2.252000,1527837726.157300,s,m,201806010722
583.000000,0.410824,1527837728.412800,b,l,201806010722
582.890000,5.000000,1527837774.438800,b,l,201806010722
582.980000,0.033000,1527837775.886500,b,l,201806010722
582.900000,1.348549,1527837776.743000,b,l,201806010722
582.900000,3.651451,1527837777.241400,b,l,201806010722
582.990000,0.028000,1527837777.244400,b,l,201806010722
582.990000,0.390351,1527837777.246900,b,l,201806010722
582.970000,0.030000,1527837819.708700,b,l,201806010723
582.980000,0.023000,1527837819.712200,b,l,201806010723
582.980000,0.020000,1527837819.715600,b,l,201806010723
582.990000,0.375918,1527837819.718300,b,l,201806010723
582.990000,0.476888,1527837819.720800,b,l,201806010723
582.990000,0.228157,1527837819.723200,b,l,201806010723
582.950000,0.052000,1527837861.071100,b,l,201806010724
582.970000,0.030000,1527837865.744200,b,l,201806010724
582.970000,0.031000,1527837865.747700,b,l,201806010724
582.970000,0.028000,1527837865.750200,b,l,201806010724
582.990000,0.032000,1527837865.752700,b,l,201806010724
582.990000,0.057000,1527837866.036000,b,l,201806010724
582.990000,0.026000,1527837868.564100,b,l,201806010724
582.990000,0.025162,1527837879.278600,b,l,201806010724
582.990000,0.080806,1527837879.284700,b,l,201806010724
583.000000,2.555795,1527837879.287900,b,l,201806010724
583.000000,1.891448,1527837905.151300,b,m,201806010725
583.000000,0.026000,1527837912.539100,b,l,201806010725
583.000000,0.026000,1527837913.760300,b,l,201806010725
583.000000,0.023000,1527837916.477000,b,l,201806010725
583.000000,0.055000,1527837920.112400,b,l,201806010725
582.990000,0.020000,1527837922.697400,s,l,201806010725
583.000000,0.023000,1527837923.784000,b,l,201806010725
583.000000,1.970000,1527837924.536000,b,l,201806010725
583.000000,1.683000,1527837926.302700,b,l,201806010725
583.000000,10.386132,1527837927.604500,b,l,201806010725
583.000000,0.023000,1527837929.120100,b,l,201806010725
582.990000,0.020000,1527837935.854700,s,l,201806010725
583.000000,0.036000,1527837962.598000,b,l,201806010726
583.000000,0.065000,1527837966.305200,b,l,201806010726
583.000000,5.000000,1527837978.174600,b,l,201806010726
583.000000,29.000000,1527837993.307200,b,l,201806010726
583.000000,0.121000,1527838030.149700,b,l,201806010727
583.000000,0.121000,1527838031.389200,b,l,201806010727
583.000000,0.121000,1527838033.028100,b,l,201806010727
583.000000,7.020000,1527838033.979500,b,l,201806010727
583.000000,0.121000,1527838036.068600,b,l,201806010727
583.000000,0.066767,1527838041.194900,b,l,201806010727
583.000000,4.613996,1527838046.159100,b,l,201806010727
583.010000,1.406004,1527838047.970900,s,m,201806010727
583.000000,1.373424,1527838047.975400,s,m,201806010727
583.220000,0.120513,1527838049.715800,b,l,201806010727
583.230000,0.026000,1527838049.735000,b,l,201806010727
583.250000,0.023000,1527838055.641900,b,l,201806010727
583.250000,0.008000,1527838057.305800,b,l,201806010727
583.260000,0.015000,1527838057.312800,b,l,201806010727
583.260000,0.006000,1527838059.379800,b,l,201806010727
583.270000,0.026000,1527838059.387700,b,l,201806010727
583.280000,0.021000,1527838059.390900,b,l,201806010727
583.400000,0.023000,1527838059.428900,b,l,201806010727
583.300000,0.000000,1527838059.720400,s,m,201806010727
583.250000,0.598557,1527838060.098600,s,l,201806010727
583.240000,1.547111,1527838060.104000,s,l,201806010727
583.420000,0.033000,1527838061.271900,b,l,201806010727
583.420000,0.022000,1527838069.786300,b,l,201806010727
583.680000,0.033000,1527838074.913200,b,l,201806010727
583.700000,0.031000,1527838074.919100,b,l,201806010727
583.710000,0.023000,1527838074.922200,b,l,201806010727
583.720000,2.561839,1527838074.926700,b,l,201806010727
583.720000,0.300000,1527838074.931000,b,l,201806010727
584.030000,0.020000,1527838075.108900,b,m,201806010727
584.160000,0.180000,1527838075.112400,b,m,201806010727
584.150000,1.295377,1527838083.656000,s,l,201806010728
584.150000,2.204664,1527838089.931800,s,l,201806010728
584.780000,2.223416,1527838099.032600,s,l,201806010728
584.780000,2.210618,1527838102.506200,s,l,201806010728
584.780000,0.565966,1527838105.803000,s,l,201806010728
584.720000,2.170015,1527838113.176200,s,l,201806010728
584.730000,1.617749,1527838120.516000,b,l,201806010728
584.740000,0.866183,1527838120.521600,b,l,201806010728
584.740000,1.308260,1527838144.835400,b,m,201806010729
584.790000,0.031000,1527838144.840600,b,m,201806010729
584.800000,0.031000,1527838144.843300,b,m,201806010729
584.960000,0.031000,1527838144.845700,b,m,201806010729
584.970000,0.024000,1527838144.848300,b,m,201806010729
584.990000,0.045000,1527838144.850800,b,m,201806010729
584.990000,0.033000,1527838144.853300,b,m,201806010729
585.000000,1.400000,1527838144.856600,b,m,201806010729
585.000000,0.096740,1527838144.860200,b,m,201806010729
585.000000,0.003260,1527838171.402600,b,l,201806010729
585.060000,0.057000,1527838171.406800,b,l,201806010729
585.070000,0.150000,1527838171.410100,b,l,201806010729
585.130000,0.082522,1527838171.413800,b,l,201806010729
585.130000,0.267478,1527838251.790700,b,m,201806010730
585.510000,0.033000,1527838251.795100,b,m,201806010730
585.530000,0.026000,1527838251.799200,b,m,201806010730
585.550000,0.028000,1527838251.802600,b,m,201806010730
585.560000,0.031000,1527838251.805800,b,m,201806010730
585.570000,0.031000,1527838251.809300,b,m,201806010730
585.580000,0.024000,1527838251.812200,b,m,201806010730
585.580000,0.023000,1527838251.815100,b,m,201806010730
585.580000,0.024000,1527838251.817800,b,m,201806010730
585.590000,0.057000,1527838251.820300,b,m,201806010730
585.590000,0.024000,1527838251.824300,b,m,201806010730
585.600000,0.050919,1527838251.829100,b,m,201806010730
585.600000,0.000081,1527838251.831800,b,m,201806010730
585.600000,0.000000,1527838251.834400,b,m,201806010730
585.770000,0.380522,1527838251.839000,b,m,201806010730
585.380000,2.000000,1527838259.193400,b,l,201806010730
585.440000,0.023000,1527838274.330100,b,m,201806010731
585.450000,5.000000,1527838274.338700,b,m,201806010731
585.770000,1.618499,1527838274.341800,b,m,201806010731
585.770000,0.000980,1527838274.345800,b,m,201806010731
585.800000,3.357522,1527838274.348800,b,m,201806010731
585.450000,0.024000,1527838328.034600,b,m,201806010732
585.500000,0.028000,1527838328.041400,b,m,201806010732
585.740000,0.023000,1527838328.043900,b,m,201806010732
585.750000,0.031000,1527838328.046700,b,m,201806010732
585.760000,0.052000,1527838328.049500,b,m,201806010732
585.770000,0.021000,1527838328.052200,b,m,201806010732
585.780000,0.021000,1527838328.054800,b,m,201806010732
585.790000,0.024000,1527838328.057400,b,m,201806010732
585.800000,1.642478,1527838328.060200,b,m,201806010732
585.890000,0.200000,1527838328.062800,b,m,201806010732
585.900000,0.267589,1527838328.066700,b,m,201806010732
586.000000,0.050000,1527838328.069800,b,m,201806010732
586.000000,0.853242,1527838328.073700,b,m,201806010732
586.000000,0.762690,1527838328.076700,b,m,201806010732
586.000000,9.237310,1527838328.092500,b,m,201806010732
586.100000,0.100000,1527838328.096000,b,m,201806010732
586.100000,0.150000,1527838328.099100,b,m,201806010732
586.230000,0.220290,1527838328.102100,b,m,201806010732
586.230000,0.175306,1527838328.106600,b,m,201806010732
586.230000,4.452715,1527838328.110500,b,m,201806010732
586.230000,1.141689,1527838328.114300,b,m,201806010732
586.430000,0.071000,1527838328.117600,b,m,201806010732
586.430000,0.079000,1527838328.120500,b,m,201806010732
586.590000,0.826000,1527838328.123100,b,m,201806010732
586.600000,0.100000,1527838328.125800,b,m,201806010732
586.600000,0.340950,1527838328.129500,b,m,201806010732
586.630000,11.682361,1527838328.133100,b,m,201806010732
586.630000,4.607412,1527838328.136600,b,m,201806010732
586.630000,5.010000,1527838328.140000,b,m,201806010732
586.630000,14.241000,1527838328.143300,b,m,201806010732
586.630000,14.241000,1527838328.146600,b,m,201806010732
586.630000,1.100000,1527838328.150300,b,m,201806010732
586.630000,11.118226,1527838328.153600,b,m,201806010732
586.790000,90.000000,1527838328.157300,b,m,201806010732
586.810000,0.375000,1527838328.160600,b,m,201806010732
586.990000,0.063732,1527838328.163900,b,m,201806010732
586.990000,15.813204,1527838328.173300,b,m,201806010732
586.990000,14.853804,1527838328.177500,b,m,201806010732
586.990000,0.500000,1527838328.200100,b,m,201806010732
586.990000,2.670957,1527838328.563000,b,m,201806010732
586.990000,0.161763,1527838328.576500,b,m,201806010732
585.170000,82.024634,1527838346.222000,s,l,201806010732
585.090000,0.401253,1527838346.226400,s,l,201806010732
585.020000,0.051000,1527838350.446500,s,l,201806010732
584.110000,4.000000,1527838369.473000,b,m,201806010732
584.060000,1.000000,1527838374.693800,s,m,201806010732
584.110000,0.026000,1527838380.104000,b,l,201806010733
584.430000,0.024000,1527838394.727900,b,m,201806010733
584.720000,0.033000,1527838394.733900,b,m,201806010733
584.990000,0.232997,1527838394.737200,b,m,201806010733
584.990000,0.000003,1527838394.739500,b,m,201806010733
585.000000,2.096318,1527838394.742100,b,m,201806010733
585.320000,0.108810,1527838394.745500,b,m,201806010733
585.330000,2.504872,1527838394.748400,b,m,201806010733
585.330000,2.495128,1527838395.042700,b,m,201806010733
585.730000,0.021000,1527838395.046700,b,m,201806010733
585.750000,0.160000,1527838395.050100,b,m,201806010733
585.910000,2.323872,1527838395.053300,b,m,201806010733
584.870000,4.000000,1527838410.437000,b,m,201806010733
584.500000,5.000000,1527838439.084400,s,l,201806010733
584.420000,0.365490,1527838439.092600,s,l,201806010733
583.540000,4.966000,1527838439.095500,s,l,201806010733
583.530000,59.590526,1527838439.098800,s,l,201806010733
583.530000,1.194787,1527838439.101200,s,l,201806010733
583.530000,0.038758,1527838439.104800,s,l,201806010733
583.530000,0.500000,1527838439.107900,s,l,201806010733
583.530000,14.241000,1527838439.110900,s,l,201806010733
583.530000,1.000000,1527838439.114100,s,l,201806010733
583.530000,1.000000,1527838439.117500,s,l,201806010733
583.530000,12.103439,1527838439.120700,s,l,201806010733
584.030000,0.650911,1527838462.142400,s,l,201806010734
584.030000,59.271105,1527838462.149600,s,l,201806010734
584.030000,30.077984,1527838462.151900,s,l,201806010734
583.210000,0.090026,1527838484.687600,s,m,201806010734
582.990000,1.621000,1527838484.691500,s,m,201806010734
582.840000,17.118000,1527838484.694600,s,m,201806010734
582.760000,5.000000,1527838484.697300,s,m,201806010734
582.470000,0.160000,1527838484.700600,s,m,201806010734
582.370000,8.064000,1527838484.704600,s,m,201806010734
582.290000,17.946974,1527838484.708000,s,m,201806010734
583.430000,1.995666,1527838487.138500,s,l,201806010734
583.430000,0.003334,1527838487.141300,s,l,201806010734
583.980000,4.000000,1527838492.762200,b,m,201806010734
583.960000,0.219208,1527838513.294300,b,m,201806010735
584.000000,0.208858,1527838513.298600,b,m,201806010735
584.010000,3.571934,1527838513.301800,b,m,201806010735
583.980000,2.688000,1527838541.788500,b,m,201806010735
584.000000,0.051004,1527838541.794300,b,m,201806010735
584.010000,1.260996,1527838541.797600,b,m,201806010735
583.950000,0.025225,1527838581.474100,b,l,201806010736
583.560000,0.000000,1527838641.474100,s,l,201806010737
583.560000,0.101591,1527838695.426800,s,l,201806010738
583.050000,1.000000,1527838697.998100,s,l,201806010738
583.060000,0.436527,1527838701.728400,s,l,201806010738
583.340000,0.128908,1527838753.202600,s,l,201806010739
583.360000,2.240014,1527838782.977900,s,l,201806010739
583.370000,0.024138,1527838808.778200,b,l,201806010740
583.870000,5.219779,1527838808.784900,b,l,201806010740
583.870000,0.002087,1527838808.787300,b,l,201806010740
583.870000,0.000001,1527838808.789800,b,l,201806010740
583.930000,0.849996,1527838808.792600,b,l,201806010740
583.940000,0.025477,1527838810.443300,b,l,201806010740
583.940000,0.024858,1527838810.446300,b,l,201806010740
583.950000,1.000000,1527838810.448800,b,l,201806010740
583.950000,1.000000,1527838810.451400,b,l,201806010740
583.950000,1.000000,1527838810.453400,b,l,201806010740
583.950000,1.000000,1527838810.455400,b,l,201806010740
584.010000,1.361000,1527838810.858500,b,l,201806010740
584.010000,1.606000,1527838811.196100,b,l,201806010740
584.010000,1.966000,1527838813.108900,b,l,201806010740
584.010000,0.234070,1527838813.388700,b,l,201806010740
584.400000,1.733930,1527838813.392100,b,l,201806010740
584.400000,4.256070,1527838813.602600,b,l,201806010740
584.400000,1.548930,1527838814.329100,s,l,201806010740
584.400000,0.588605,1527838814.331900,s,l,201806010740
584.440000,0.250000,1527838876.281100,b,l,201806010741
584.480000,0.031000,1527838876.286600,b,l,201806010741
584.490000,0.031000,1527838876.289200,b,l,201806010741
584.500000,0.240740,1527838937.711300,s,l,201806010742
584.510000,0.024000,1527838952.961900,b,m,201806010742
584.510000,3.976000,1527838952.965400,b,m,201806010742
584.130000,1.000000,1527838961.123600,s,m,201806010742
584.130000,1.000000,1527838963.504700,s,m,201806010742
584.130000,1.000000,1527838966.140800,s,m,201806010742
584.150000,0.041099,1527838992.568700,s,m,201806010743
584.140000,0.850357,1527838992.584100,s,m,201806010743
584.140000,0.000000,1527838992.586300,s,m,201806010743
584.210000,0.186474,1527839025.360800,s,m,201806010743
584.210000,2.974000,1527839025.367700,s,m,201806010743
584.200000,6.839526,1527839025.370600,s,m,201806010743
584.150000,0.219073,1527839030.707800,s,l,201806010743
584.150000,0.028668,1527839035.281100,s,m,201806010743
583.750000,0.068212,1527839035.291400,s,m,201806010743
584.040000,0.252847,1527839086.823700,s,l,201806010744
583.580000,0.135146,1527839109.423900,s,m,201806010745
583.360000,1.890000,1527839109.428700,s,m,201806010745
583.200000,7.974854,1527839109.433300,s,m,201806010745
583.200000,7.290000,1527839110.753200,s,l,201806010745
582.820000,0.122160,1527839116.693900,b,l,201806010745
582.820000,0.075271,1527839116.882700,b,l,201806010745
583.000000,5.000000,1527839130.639200,b,l,201806010745
583.190000,7.464406,1527839130.805500,b,l,201806010745
583.200000,0.050497,1527839130.808900,b,l,201806010745
583.340000,6.726096,1527839130.812100,b,l,201806010745
584.180000,0.840000,1527839142.026400,b,l,201806010745
584.400000,6.000000,1527839149.320300,s,m,201806010745
584.400000,5.050000,1527839156.140500,s,l,201806010745
584.400000,30.297429,1527839157.110600,s,l,201806010745
583.320000,0.000000,1527839217.110600,s,m,201806010746
583.320000,0.000000,1527839277.110600,s,m,201806010747
583.320000,0.000000,1527839337.110600,s,m,201806010748
583.320000,0.000000,1527839397.110600,s,m,201806010749
583.320000,0.026186,1527839427.302600,s,m,201806010750
583.320000,0.000068,1527839427.313200,s,m,201806010750
583.320000,0.000000,1527839427.325700,s,m,201806010750
583.620000,1.047798,1527839496.115900,b,l,201806010751
583.610000,1.438508,1527839507.714700,b,l,201806010751
583.310000,0.000000,1527839567.714700,s,m,201806010752
583.310000,0.749841,1527839583.163000,s,m,201806010753
582.350000,8.547000,1527839583.173000,s,m,201806010753
582.250000,0.257564,1527839583.175600,s,m,201806010753
582.120000,0.445595,1527839583.178300,s,m,201806010753
582.710000,0.498709,1527839628.861700,s,m,201806010753
582.710000,0.001291,1527839628.921900,s,m,201806010753
582.710000,4.000000,1527839634.496600,s,l,201806010753
582.710000,0.000002,1527839642.723900,s,m,201806010754
582.710000,4.999998,1527839642.732400,s,m,201806010754
582.700000,5.000000,1527839642.735300,s,m,201806010754
582.360000,0.492455,1527839642.738800,s,m,201806010754
582.360000,5.000000,1527839642.741600,s,m,201806010754
582.120000,5.000000,1527839642.744100,s,m,201806010754
582.100000,14.549000,1527839642.747300,s,m,201806010754
582.050000,0.149112,1527839642.750000,s,m,201806010754
582.030000,5.990000,1527839642.752900,s,m,201806010754
582.000000,11.800000,1527839642.757000,s,m,201806010754
581.720000,47.019432,1527839642.760900,s,m,201806010754
582.410000,0.255061,1527839719.281500,s,l,201806010755
582.230000,3.895171,1527839720.919200,b,l,201806010755
581.920000,2.000000,1527839725.446300,b,m,201806010755
581.920000,0.030681,1527839728.543100,b,l,201806010755
581.920000,0.028000,1527839736.394900,b,l,201806010755
582.140000,0.373792,1527839741.577200,b,l,201806010755
582.120000,0.500000,1527839811.725900,s,m,201806010756
582.200000,1.500000,1527839844.479600,s,l,201806010757
582.150000,0.500000,1527839844.495000,s,l,201806010757
582.170000,0.000000,1527839904.495000,s,l,201806010758
582.170000,0.000000,1527839964.495000,s,l,201806010759
582.170000,5.000000,1527840005.537100,s,l,201806010800
582.180000,5.000000,1527840032.802700,s,m,201806010800
582.180000,0.100994,1527840032.811100,s,m,201806010800
582.160000,0.512729,1527840032.814900,s,m,201806010800
581.880000,2.148000,1527840032.818000,s,m,201806010800
581.740000,17.144000,1527840032.821300,s,m,201806010800
581.710000,1.137530,1527840032.824700,s,m,201806010800
581.700000,5.000000,1527840032.827800,s,m,201806010800
581.690000,5.000000,1527840032.831100,s,m,201806010800
581.330000,0.160000,1527840032.834900,s,m,201806010800
581.330000,0.160000,1527840032.837500,s,m,201806010800
581.330000,0.520000,1527840032.840100,s,m,201806010800
581.180000,3.116747,1527840032.843200,s,m,201806010800
581.650000,0.337803,1527840042.112200,s,m,201806010800
581.110000,4.313818,1527840042.121500,s,m,201806010800
581.110000,3.160000,1527840042.123700,s,m,201806010800
581.110000,4.014325,1527840042.125800,s,m,201806010800
581.110000,1.011856,1527840042.128300,s,m,201806010800
581.100000,3.365000,1527840042.131300,s,m,201806010800
580.960000,0.064393,1527840042.134600,s,m,201806010800
580.900000,0.435926,1527840042.137500,s,m,201806010800
580.810000,5.990000,1527840042.140300,s,m,201806010800
580.740000,0.252452,1527840042.143400,s,m,201806010800
580.740000,2.500000,1527840042.146000,s,m,201806010800
580.400000,1.067417,1527840042.149200,s,m,201806010800
580.260000,0.024301,1527840042.152500,s,m,201806010800
580.210000,20.045412,1527840042.155400,s,m,201806010800
581.300000,0.079041,1527840067.952500,s,m,201806010801
580.910000,0.286000,1527840067.961200,s,m,201806010801
580.800000,0.416773,1527840067.965200,s,m,201806010801
580.790000,1.218186,1527840067.968100,s,m,201806010801
580.790000,1.000000,1527840067.972000,s,m,201806010801
581.490000,5.000000,1527840147.214300,b,l,201806010802
581.210000,3.000000,1527840154.029800,s,m,201806010802
581.580000,0.030000,1527840222.937000,b,l,201806010803
581.590000,0.026000,1527840222.957900,b,l,201806010803
581.600000,0.031000,1527840222.961400,b,l,201806010803
581.620000,0.245726,1527840222.964000,b,l,201806010803
581.570000,0.332726,1527840223.598100,b,l,201806010803
581.570000,0.332726,1527840224.602800,b,l,201806010803
581.570000,0.332726,1527840224.630300,b,l,201806010803
581.570000,0.660749,1527840225.243100,b,l,201806010803
581.560000,0.026000,1527840228.691800,b,l,201806010803
581.620000,0.090706,1527840228.705100,b,l,201806010803
581.270000,0.048835,1527840237.726400,s,l,201806010803
581.260000,0.198140,1527840237.730600,s,l,201806010803
581.170000,0.031000,1527840254.868600,b,l,201806010804
581.180000,0.026000,1527840254.871500,b,l,201806010804
581.180000,0.142000,1527840254.874400,b,l,201806010804
580.960000,0.132318,1527840269.882400,s,m,201806010804
580.870000,0.651617,1527840269.889900,s,m,201806010804
580.790000,0.369065,1527840269.892500,s,m,201806010804
