price,qty,timestamp,bs,ml,bucket
117.830000,0.866365,1527825841.149900,s,l,201806010404
117.780000,1.698020,1527825841.154900,s,l,201806010404
117.780000,11.433000,1527825841.157900,s,l,201806010404
117.920000,0.000000,1527825901.157900,b,l,201806010405
117.920000,0.000000,1527825961.157900,b,l,201806010406
117.920000,0.000000,1527826021.157900,b,l,201806010407
117.920000,0.000000,1527826081.157900,b,l,201806010408
117.920000,0.000000,1527826141.157900,b,l,201806010409
117.920000,0.000000,1527826201.157900,b,l,201806010410
117.920000,0.000000,1527826261.157900,b,l,201806010411
117.920000,0.000000,1527826321.157900,b,l,201806010412
117.920000,0.000000,1527826381.157900,b,l,201806010413
117.920000,0.000000,1527826441.157900,b,l,201806010414
117.920000,0.139000,1527826503.082300,b,l,201806010415
117.920000,0.148000,1527826503.087200,b,l,201806010415
117.900000,0.000000,1527826563.087200,s,l,201806010416
117.900000,0.000000,1527826623.087200,s,l,201806010417
117.900000,0.000000,1527826683.087200,s,l,201806010418
117.900000,0.000000,1527826743.087200,s,l,201806010419
117.900000,0.000000,1527826803.087200,s,l,201806010420
117.900000,0.000000,1527826863.087200,s,l,201806010421
117.900000,0.000000,1527826923.087200,s,l,201806010422
117.900000,0.000000,1527826983.087200,s,l,201806010423
117.900000,0.000000,1527827043.087200,s,l,201806010424
117.900000,0.000000,1527827103.087200,s,l,201806010425
117.900000,0.000000,1527827163.087200,s,l,201806010426
117.900000,0.000000,1527827223.087200,s,l,201806010427
117.900000,0.000000,1527827283.087200,s,l,201806010428
117.900000,0.000000,1527827343.087200,s,l,201806010429
117.900000,0.000000,1527827403.087200,s,l,201806010430
117.900000,0.000000,1527827463.087200,s,l,201806010431
117.900000,0.000000,1527827523.087200,s,l,201806010432
117.900000,0.000000,1527827583.087200,s,l,201806010433
117.900000,0.000000,1527827643.087200,s,l,201806010434
117.900000,0.000000,1527827703.087200,s,l,201806010435
117.900000,0.000000,1527827763.087200,s,l,201806010436
117.900000,20.000000,1527827837.449200,s,l,201806010437
117.790000,0.000000,1527827897.449200,s,l,201806010438
117.790000,0.000000,1527827957.449200,s,l,201806010439
117.790000,0.000000,1527828017.449200,s,l,201806010440
117.790000,0.000000,1527828077.449200,s,l,201806010441
117.790000,0.000000,1527828137.449200,s,l,201806010442
117.790000,0.000000,1527828197.449200,s,l,201806010443
117.790000,0.000000,1527828257.449200,s,l,201806010444
117.790000,0.000000,1527828317.449200,s,l,201806010445
117.790000,0.000000,1527828377.449200,s,l,201806010446
117.790000,6.493946,1527828424.255600,s,l,201806010447
117.780000,10.000000,1527828424.261600,s,l,201806010447
117.770000,0.849113,1527828424.265100,s,l,201806010447
117.690000,9.667293,1527828474.892100,s,m,201806010447
117.690000,0.025070,1527828474.913400,s,m,201806010447
117.690000,0.000057,1527828474.915600,s,m,201806010447
117.770000,34.190000,1527828499.344100,b,l,201806010448
117.770000,3.466942,1527828502.317600,b,l,201806010448
117.830000,0.140000,1527828594.474400,b,l,201806010449
117.850000,0.139000,1527828611.682700,b,l,201806010450
117.850000,0.139000,1527828611.692900,b,l,201806010450
117.850000,0.148000,1527828611.696200,b,l,201806010450
117.860000,0.156000,1527828626.589100,b,l,201806010450
117.870000,0.139000,1527828626.591900,b,l,201806010450
117.880000,0.106000,1527828626.594400,b,l,201806010450
117.890000,0.114000,1527828626.596900,b,l,201806010450
117.890000,0.099617,1527828626.599500,b,l,201806010450
117.880000,1.475371,1527828657.654300,s,l,201806010450
117.810000,6.400000,1527828685.079000,b,l,201806010451
117.850000,0.000000,1527828745.079000,b,l,201806010452
117.850000,0.000000,1527828805.079000,b,l,201806010453
117.850000,0.000000,1527828865.079000,b,l,201806010454
117.850000,0.000000,1527828925.079000,b,l,201806010455
117.850000,0.000000,1527828985.079000,b,l,201806010456
117.850000,0.000000,1527829045.079000,b,l,201806010457
117.850000,0.000000,1527829105.079000,b,l,201806010458
117.850000,0.000000,1527829165.079000,b,l,201806010459
117.850000,0.000000,1527829225.079000,b,l,201806010500
117.850000,0.000000,1527829285.079000,b,l,201806010501
117.850000,0.100000,1527829339.932200,b,l,201806010502
117.850000,0.023000,1527829348.789600,b,l,201806010502
117.860000,0.133600,1527829348.794100,b,l,201806010502
117.860000,0.005400,1527829415.272800,b,l,201806010503
117.870000,0.114000,1527829415.280500,b,l,201806010503
117.880000,0.121500,1527829415.283100,b,l,201806010503
117.880000,0.000500,1527829451.343800,b,l,201806010504
117.870000,0.148000,1527829454.567800,b,l,201806010504
117.880000,7.312061,1527829454.575200,b,l,201806010504
117.890000,0.000000,1527829514.575200,b,m,201806010505
117.890000,0.000000,1527829574.575200,b,m,201806010506
117.890000,0.000000,1527829634.575200,b,m,201806010507
117.890000,0.000000,1527829694.575200,b,m,201806010508
117.890000,0.000000,1527829754.575200,b,m,201806010509
117.890000,0.106000,1527829822.183400,b,m,201806010510
117.890000,0.054000,1527829822.202800,b,m,201806010510
117.730000,0.000000,1527829882.202800,s,m,201806010511
117.730000,0.000000,1527829942.202800,s,m,201806010512
117.730000,0.000000,1527830002.202800,s,m,201806010513
117.730000,0.000000,1527830062.202800,s,m,201806010514
117.730000,0.000000,1527830122.202800,s,m,201806010515
117.730000,4.000000,1527830206.205800,s,m,201806010516
117.860000,0.000000,1527830266.205800,b,m,201806010517
117.860000,0.000000,1527830326.205800,b,m,201806010518
117.860000,0.000000,1527830386.205800,b,m,201806010519
117.860000,0.000000,1527830446.205800,b,m,201806010520
117.860000,0.114000,1527830461.176800,b,m,201806010521
117.880000,0.106000,1527830461.191300,b,m,201806010521
117.900000,0.139000,1527830461.193900,b,m,201806010521
117.910000,0.148000,1527830461.196400,b,m,201806010521
117.930000,0.326000,1527830461.198900,b,m,201806010521
117.930000,4.366294,1527830461.202200,b,m,201806010521
117.670000,0.000000,1527830521.202200,b,l,201806010522
117.670000,0.000000,1527830581.202200,b,l,201806010523
117.670000,0.000000,1527830641.202200,b,l,201806010524
117.670000,0.000000,1527830701.202200,b,l,201806010525
117.670000,0.000000,1527830761.202200,b,l,201806010526
117.670000,3.993620,1527830871.663000,b,l,201806010527
117.670000,0.006380,1527830871.704400,b,l,201806010527
117.670000,0.000001,1527830871.706700,b,l,201806010527
117.720000,0.677277,1527830899.748300,s,l,201806010528
117.720000,0.001753,1527830899.751200,s,l,201806010528
117.750000,2.074799,1527830955.230900,s,m,201806010529
117.750000,0.005380,1527830955.247500,s,m,201806010529
117.750000,0.000011,1527830955.250100,s,m,201806010529
117.800000,0.000000,1527831015.250100,b,l,201806010530
117.800000,0.000000,1527831075.250100,b,l,201806010531
117.800000,0.000000,1527831135.250100,b,l,201806010532
117.800000,0.000000,1527831195.250100,b,l,201806010533
117.800000,0.000000,1527831255.250100,b,l,201806010534
117.800000,0.000000,1527831315.250100,b,l,201806010535
117.800000,0.000000,1527831375.250100,b,l,201806010536
117.800000,0.000000,1527831435.250100,b,l,201806010537
117.800000,0.100000,1527831482.777500,b,l,201806010538
117.800000,0.065000,1527831594.689700,b,l,201806010539
117.810000,0.114000,1527831594.699800,b,l,201806010539
117.830000,0.000000,1527831654.699800,b,l,201806010540
117.830000,0.000000,1527831714.699800,b,l,201806010541
117.830000,0.000000,1527831774.699800,b,l,201806010542
117.830000,0.131000,1527831807.371100,b,l,201806010543
117.840000,0.123000,1527831807.376900,b,l,201806010543
117.750000,0.000000,1527831867.376900,b,l,201806010544
117.750000,0.000000,1527831927.376900,b,l,201806010545
117.750000,0.000000,1527831987.376900,b,l,201806010546
117.750000,0.000000,1527832047.376900,b,l,201806010547
117.750000,0.000000,1527832107.376900,b,l,201806010548
117.750000,0.000000,1527832167.376900,b,l,201806010549
117.750000,0.000000,1527832227.376900,b,l,201806010550
117.750000,0.000000,1527832287.376900,b,l,201806010551
117.750000,0.131000,1527832325.792000,b,l,201806010552
117.760000,0.165000,1527832325.798400,b,l,201806010552
117.770000,0.148000,1527832373.851100,b,l,201806010552
117.780000,0.123000,1527832373.861400,b,l,201806010552
117.780000,0.157000,1527832373.864200,b,l,201806010552
117.790000,0.114000,1527832373.867000,b,l,201806010552
117.790000,0.165000,1527832373.869600,b,l,201806010552
117.790000,0.123000,1527832373.872400,b,l,201806010552
117.800000,0.000000,1527832433.872400,b,l,201806010553
117.800000,0.000000,1527832493.872400,b,l,201806010554
117.800000,0.000000,1527832553.872400,b,l,201806010555
117.800000,0.000000,1527832613.872400,b,l,201806010556
117.800000,0.000000,1527832673.872400,b,l,201806010557
117.800000,0.000000,1527832733.872400,b,l,201806010558
117.800000,0.000000,1527832793.872400,b,l,201806010559
117.800000,0.140000,1527832800.925800,b,l,201806010600
117.830000,0.000000,1527832860.925800,b,l,201806010601
117.830000,0.000000,1527832920.925800,b,l,201806010602
117.830000,0.000000,1527832980.925800,b,l,201806010603
117.830000,0.000000,1527833040.925800,b,l,201806010604
117.830000,0.000000,1527833100.925800,b,l,201806010605
117.830000,0.000000,1527833160.925800,b,l,201806010606
117.830000,0.000000,1527833220.925800,b,l,201806010607
117.830000,0.000000,1527833280.925800,b,l,201806010608
117.830000,0.000000,1527833340.925800,b,l,201806010609
117.830000,0.131000,1527833459.650000,b,l,201806010610
117.830000,0.114000,1527833459.663200,b,l,201806010610
117.850000,0.148000,1527833463.162300,b,l,201806010611
117.850000,0.148000,1527833463.167200,b,l,201806010611
117.860000,0.131000,1527833466.197400,b,l,201806010611
117.870000,0.131000,1527833498.987100,b,l,201806010611
117.880000,0.156000,1527833499.055900,b,l,201806010611
117.890000,0.173000,1527833499.059500,b,l,201806010611
117.900000,0.139000,1527833499.062100,b,l,201806010611
117.910000,0.199000,1527833499.065500,b,l,201806010611
118.080000,0.000000,1527833559.065500,b,l,201806010612
118.080000,0.000000,1527833619.065500,b,l,201806010613
118.080000,0.000000,1527833679.065500,b,l,201806010614
118.080000,0.139000,1527833743.326300,b,l,201806010615
118.090000,0.122000,1527833743.332700,b,l,201806010615
118.100000,0.105000,1527833743.335800,b,l,201806010615
118.110000,0.148000,1527833746.045900,b,l,201806010615
118.120000,0.139000,1527833746.050800,b,l,201806010615
118.130000,0.165000,1527833746.900100,b,l,201806010615
118.140000,0.122000,1527833747.412100,b,l,201806010615
118.150000,0.173000,1527833751.155800,b,l,201806010615
118.160000,0.291000,1527833751.160700,b,l,201806010615
118.170000,0.164000,1527833760.686700,b,l,201806010616
118.340000,0.156000,1527833851.798200,b,l,201806010617
118.340000,0.139000,1527833851.801200,b,l,201806010617
118.350000,0.147000,1527833851.981000,b,l,201806010617
118.350000,0.139000,1527833851.985500,b,l,201806010617
118.410000,0.147000,1527833853.622200,b,l,201806010617
118.510000,0.122000,1527833859.149700,b,l,201806010617
118.520000,0.122000,1527833859.153400,b,l,201806010617
118.530000,0.122000,1527833862.056800,b,l,201806010617
118.540000,0.189000,1527833862.060000,b,l,201806010617
118.570000,0.164000,1527833862.819900,b,l,201806010617
118.720000,2.690000,1527833870.116200,b,l,201806010617
119.070000,3.560000,1527833900.110700,b,l,201806010618
119.060000,19.851950,1527833903.893500,b,l,201806010618
119.050000,0.104993,1527833904.925200,s,l,201806010618
119.050000,4.450713,1527833906.498100,s,l,201806010618
119.050000,5.444294,1527833906.515600,s,l,201806010618
118.920000,4.555706,1527833908.964400,s,l,201806010618
118.930000,2.040600,1527833913.998600,s,l,201806010618
119.070000,2.690000,1527833922.076400,b,l,201806010618
119.100000,0.100000,1527833922.080900,b,l,201806010618
119.190000,1.825010,1527833953.516900,s,l,201806010619
119.190000,10.000000,1527833953.524000,s,l,201806010619
119.170000,10.000000,1527833954.439100,s,l,201806010619
119.160000,11.433000,1527833954.443200,s,l,201806010619
119.150000,10.000000,1527833954.448600,s,l,201806010619
119.150000,14.954000,1527833954.451700,s,l,201806010619
119.140000,19.531000,1527833954.454900,s,l,201806010619
119.010000,5.602057,1527833954.458600,s,l,201806010619
119.010000,19.891000,1527833956.134900,b,l,201806010619
118.950000,40.000000,1527833956.177200,s,l,201806010619
119.010000,0.378000,1527833961.782700,b,l,201806010619
119.040000,0.130000,1527834015.019400,b,l,201806010620
119.120000,0.208864,1527834017.892400,b,l,201806010620
119.140000,1.759239,1527834020.972600,s,l,201806010620
119.140000,1.136562,1527834021.166700,s,l,201806010620
119.260000,0.146000,1527834052.443400,b,l,201806010620
119.270000,1.676930,1527834052.449300,b,l,201806010620
119.270000,3.831134,1527834052.452400,b,l,201806010620
119.250000,0.331000,1527834091.924500,b,l,201806010621
119.260000,0.197000,1527834091.928600,b,l,201806010621
119.270000,2.043622,1527834095.647400,b,l,201806010621
119.300000,62.196378,1527834095.652500,b,l,201806010621
119.300000,2.513622,1527834098.655100,b,l,201806010621
119.460000,5.283000,1527834112.396200,b,l,201806010621
119.470000,0.140634,1527834112.400100,b,l,201806010621
119.470000,7.846815,1527834113.196400,b,l,201806010621
119.470000,0.012535,1527834113.199000,b,l,201806010621
119.470000,0.000016,1527834113.201200,b,l,201806010621
119.610000,1.815000,1527834117.316400,s,l,201806010621
119.390000,11.433000,1527834174.412500,s,l,201806010622
119.380000,0.138000,1527834210.665100,b,l,201806010623
119.420000,0.154000,1527834266.530400,b,l,201806010624
119.420000,19.466000,1527834266.535100,b,l,201806010624
119.430000,0.113000,1527834266.537900,b,l,201806010624
119.440000,0.146000,1527834269.252600,b,l,201806010624
119.450000,0.121000,1527834269.257500,b,l,201806010624
119.480000,0.121000,1527834272.451200,b,l,201806010624
119.640000,0.146000,1527834316.516700,b,l,201806010625
119.620000,5.000000,1527834333.296500,s,l,201806010625
119.420000,5.706999,1527834335.407000,s,l,201806010625
119.350000,4.003001,1527834335.411400,s,l,201806010625
119.350000,19.294644,1527834351.763500,s,l,201806010625
119.190000,0.000000,1527834411.763500,b,l,201806010626
119.190000,10.000000,1527834439.560500,b,l,201806010627
119.070000,27.970000,1527834493.633400,s,l,201806010628
119.070000,12.530000,1527834497.299500,b,l,201806010628
119.140000,16.250000,1527834580.055200,b,l,201806010629
119.130000,0.264000,1527834597.537600,b,l,201806010629
119.130000,10.000000,1527834597.567000,b,l,201806010629
119.130000,5.000000,1527834597.570800,b,l,201806010629
119.190000,0.000000,1527834657.570800,b,m,201806010630
119.190000,0.000000,1527834717.570800,b,m,201806010631
119.190000,0.000000,1527834777.570800,b,m,201806010632
119.190000,0.163000,1527834803.938900,b,m,201806010633
119.270000,0.155000,1527834803.951700,b,m,201806010633
119.320000,0.104000,1527834803.956500,b,m,201806010633
119.330000,0.113000,1527834803.959300,b,m,201806010633
119.340000,0.121000,1527834803.962300,b,m,201806010633
119.350000,0.121000,1527834803.964800,b,m,201806010633
119.360000,0.063000,1527834803.967300,b,m,201806010633
119.010000,0.000000,1527834863.967300,s,l,201806010634
119.010000,0.000000,1527834923.967300,s,l,201806010635
119.010000,0.100000,1527834989.646200,s,l,201806010636
119.200000,0.000000,1527835049.646200,b,l,201806010637
119.200000,0.000000,1527835109.646200,b,l,201806010638
119.200000,0.000000,1527835169.646200,b,l,201806010639
119.200000,0.146000,1527835206.701600,b,l,201806010640
119.290000,0.104000,1527835263.231200,b,l,201806010641
119.340000,0.129000,1527835287.655800,b,l,201806010641
119.350000,0.146000,1527835318.366600,b,l,201806010641
119.360000,0.133000,1527835318.369600,b,l,201806010641
119.370000,0.163000,1527835318.372100,b,l,201806010641
119.370000,0.113000,1527835318.374800,b,l,201806010641
119.370000,0.075000,1527835318.377600,b,l,201806010641
119.210000,0.000000,1527835378.377600,b,l,201806010642
119.210000,5.000000,1527835422.990300,b,l,201806010643
119.160000,0.000000,1527835482.990300,b,l,201806010644
119.160000,0.000000,1527835542.990300,b,l,201806010645
119.160000,0.000000,1527835602.990300,b,l,201806010646
119.160000,0.163000,1527835672.543900,b,l,201806010647
119.110000,0.000000,1527835732.543900,b,l,201806010648
119.110000,0.000000,1527835792.543900,b,l,201806010649
119.110000,0.121000,1527835820.912000,b,l,201806010650
119.160000,0.121000,1527835831.736500,b,l,201806010650
119.180000,0.155000,1527835831.744800,b,l,201806010650
119.240000,0.113000,1527835864.998800,b,l,201806010651
119.250000,0.129000,1527835865.010000,b,l,201806010651
119.260000,0.121000,1527835880.147300,b,l,201806010651
119.270000,0.163000,1527835880.155500,b,l,201806010651
119.280000,0.146000,1527835928.400400,b,l,201806010652
119.290000,0.113000,1527835928.403700,b,l,201806010652
119.300000,0.138000,1527835928.406100,b,l,201806010652
119.400000,0.297000,1527836019.035600,b,l,201806010653
119.410000,0.113000,1527836019.052900,b,l,201806010653
119.420000,0.113000,1527836019.056000,b,l,201806010653
119.430000,0.113000,1527836019.059100,b,l,201806010653
119.170000,0.000000,1527836079.059100,s,l,201806010654
119.170000,0.000000,1527836139.059100,s,l,201806010655
119.170000,0.000000,1527836199.059100,s,l,201806010656
119.170000,0.000000,1527836259.059100,s,l,201806010657
119.170000,0.000000,1527836319.059100,s,l,201806010658
119.170000,0.100000,1527836382.749300,s,l,201806010659
119.170000,0.100000,1527836384.161800,s,l,201806010659
119.180000,0.100000,1527836386.514100,s,l,201806010659
119.190000,0.100000,1527836388.534200,s,l,201806010659
119.190000,0.100000,1527836390.338700,s,l,201806010659
119.190000,0.100000,1527836392.877700,s,l,201806010659
119.190000,0.100000,1527836394.466900,s,l,201806010659
119.160000,0.000000,1527836454.466900,b,l,201806010700
119.160000,0.000000,1527836514.466900,b,l,201806010701
119.160000,0.000000,1527836574.466900,b,l,201806010702
119.160000,0.000000,1527836634.466900,b,l,201806010703
119.160000,0.121000,1527836675.194800,b,l,201806010704
119.220000,0.130000,1527836675.198200,b,l,201806010704
119.230000,0.130381,1527836675.202800,b,l,201806010704
119.040000,0.000000,1527836735.202800,s,m,201806010705
119.040000,0.000000,1527836795.202800,s,m,201806010706
119.040000,10.000000,1527836835.690800,s,m,201806010707
118.970000,11.000000,1527836835.695500,s,m,201806010707
119.190000,0.130000,1527836882.876800,b,l,201806010708
119.200000,0.104000,1527836884.324500,b,l,201806010708
119.210000,0.113000,1527836884.328500,b,l,201806010708
119.230000,0.015619,1527836885.219000,b,l,201806010708
119.240000,0.163000,1527836885.222900,b,l,201806010708
119.250000,0.163000,1527836885.226300,b,l,201806010708
119.260000,0.138000,1527836885.229600,b,l,201806010708
119.310000,0.163000,1527836885.233300,b,l,201806010708
119.380000,0.600000,1527836897.371600,b,l,201806010708
119.400000,0.121000,1527836897.381600,b,l,201806010708
119.470000,0.112000,1527836936.836300,b,l,201806010708
119.470000,0.112000,1527836940.360100,s,l,201806010709
119.460000,0.042000,1527837013.950000,b,l,201806010710
119.510000,0.063200,1527837013.952800,b,l,201806010710
119.510000,0.065800,1527837065.970300,b,l,201806010711
119.520000,0.104000,1527837075.668000,b,l,201806010711
119.530000,0.322000,1527837075.671500,b,l,201806010711
119.540000,0.121000,1527837075.674200,b,l,201806010711
119.550000,0.121000,1527837077.203300,b,l,201806010711
119.570000,0.112000,1527837077.207500,b,l,201806010711
119.580000,0.146000,1527837077.210400,b,l,201806010711
119.620000,0.154000,1527837077.213000,b,l,201806010711
119.630000,0.112000,1527837077.215700,b,l,201806010711
119.640000,0.121000,1527837077.218400,b,l,201806010711
119.650000,0.234000,1527837077.221000,b,l,201806010711
119.420000,0.000000,1527837137.221000,b,l,201806010712
119.420000,0.000000,1527837197.221000,b,l,201806010713
119.420000,0.000000,1527837257.221000,b,l,201806010714
119.420000,0.000000,1527837317.221000,b,l,201806010715
119.420000,0.000000,1527837377.221000,b,l,201806010716
119.420000,0.000000,1527837437.221000,b,l,201806010717
119.420000,0.000000,1527837497.221000,b,l,201806010718
119.420000,0.000000,1527837557.221000,b,l,201806010719
119.420000,0.000000,1527837617.221000,b,l,201806010720
119.420000,0.000000,1527837677.221000,b,l,201806010721
119.420000,0.000000,1527837737.221000,b,l,201806010722
119.420000,0.000000,1527837797.221000,b,l,201806010723
119.420000,0.000000,1527837857.221000,b,l,201806010724
119.420000,0.000000,1527837917.221000,b,l,201806010725
119.420000,0.163000,1527838006.370600,b,l,201806010726
119.420000,0.326273,1527838041.176600,s,l,201806010727
119.430000,0.255000,1527838067.248400,b,l,201806010727
119.440000,0.104000,1527838109.206800,b,l,201806010728
119.450000,0.104000,1527838157.698600,b,l,201806010729
119.460000,0.129000,1527838157.718000,b,l,201806010729
119.470000,0.246000,1527838157.721800,b,l,201806010729
119.480000,0.112000,1527838157.724700,b,l,201806010729
119.500000,0.121000,1527838157.727600,b,l,201806010729
119.520000,0.330769,1527838225.721400,s,l,201806010730
119.520000,0.494805,1527838234.104100,s,l,201806010730
119.550000,0.154000,1527838314.446000,b,l,201806010731
119.560000,0.146000,1527838314.455700,b,l,201806010731
119.390000,11.433000,1527838358.971100,s,l,201806010732
119.370000,0.000000,1527838418.971100,b,l,201806010733
119.370000,0.000000,1527838478.971100,b,l,201806010734
119.370000,0.000000,1527838538.971100,b,l,201806010735
119.370000,0.000000,1527838598.971100,b,l,201806010736
119.370000,0.000000,1527838658.971100,b,l,201806010737
119.370000,0.000000,1527838718.971100,b,l,201806010738
119.370000,0.000000,1527838778.971100,b,l,201806010739
119.370000,0.154000,1527838810.962400,b,l,201806010740
119.380000,0.154000,1527838810.965300,b,l,201806010740
119.390000,0.163000,1527838824.198100,b,l,201806010740
119.390000,0.146000,1527838824.204400,b,l,201806010740
119.400000,0.121000,1527838824.207300,b,l,201806010740
119.410000,0.146000,1527838880.576700,b,l,201806010741
119.440000,0.138000,1527838880.581500,b,l,201806010741
119.450000,0.129000,1527838880.583900,b,l,201806010741
119.310000,0.000000,1527838940.583900,b,l,201806010742
119.310000,0.000000,1527839000.583900,b,l,201806010743
119.310000,0.000000,1527839060.583900,b,l,201806010744
119.310000,0.000000,1527839120.583900,b,l,201806010745
119.310000,0.000000,1527839180.583900,b,l,201806010746
119.310000,0.000000,1527839240.583900,b,l,201806010747
119.310000,10.000000,1527839338.222000,b,l,201806010748
119.320000,0.121000,1527839338.226700,b,l,201806010748
119.090000,0.000000,1527839398.226700,b,l,201806010749
119.090000,0.000000,1527839458.226700,b,l,201806010750
119.090000,0.000000,1527839518.226700,b,l,201806010751
119.090000,0.000000,1527839578.226700,b,l,201806010752
119.090000,0.000000,1527839638.226700,b,l,201806010753
119.090000,0.000000,1527839698.226700,b,l,201806010754
119.090000,0.000000,1527839758.226700,b,l,201806010755
119.090000,0.000000,1527839818.226700,b,l,201806010756
119.090000,10.000000,1527839842.421700,b,l,201806010757
119.100000,0.715000,1527839842.429800,b,l,201806010757
119.160000,0.000000,1527839902.429800,b,l,201806010758
119.160000,0.324047,1527839958.910300,b,l,201806010759
118.910000,0.000000,1527840018.910300,b,l,201806010800
118.910000,0.000000,1527840078.910300,b,l,201806010801
118.910000,0.000000,1527840138.910300,b,l,201806010802
118.910000,0.000000,1527840198.910300,b,l,201806010803
118.910000,0.000000,1527840258.910300,b,l,201806010804
118.910000,0.000000,1527840318.910300,b,l,201806010805
118.910000,0.000000,1527840378.910300,b,l,201806010806
118.910000,0.000000,1527840438.910300,b,l,201806010807
118.910000,0.000000,1527840498.910300,b,l,201806010808
118.910000,0.000000,1527840558.910300,b,l,201806010809
118.910000,0.000000,1527840618.910300,b,l,201806010810
118.910000,0.000000,1527840678.910300,b,l,201806010811
118.910000,0.000000,1527840738.910300,b,l,201806010812
118.910000,0.000000,1527840798.910300,b,l,201806010813
118.910000,0.000000,1527840858.910300,b,l,201806010814
118.910000,0.000000,1527840918.910300,b,l,201806010815
118.910000,0.000000,1527840978.910300,b,l,201806010816
118.910000,0.000000,1527841038.910300,b,l,201806010817
118.910000,0.000000,1527841098.910300,b,l,201806010818
118.910000,0.000000,1527841158.910300,b,l,201806010819
118.910000,0.130000,1527841212.020600,b,l,201806010820
118.960000,0.147000,1527841262.723500,b,l,201806010821
118.970000,0.138000,1527841262.850500,b,l,201806010821
118.980000,0.113000,1527841264.258400,b,l,201806010821
118.990000,0.155000,1527841264.261800,b,l,201806010821
119.000000,0.147000,1527841264.264500,b,l,201806010821
119.010000,0.105000,1527841264.267400,b,l,201806010821
119.020000,0.147000,1527841264.270300,b,l,201806010821
119.030000,0.104000,1527841264.272900,b,l,201806010821
119.040000,0.163000,1527841264.275500,b,l,201806010821
119.050000,0.155000,1527841264.278100,b,l,201806010821
119.100000,0.940000,1527841265.730900,b,l,201806010821
119.100000,40.000000,1527841266.084200,b,l,201806010821
119.100000,15.165600,1527841266.108400,b,l,201806010821
119.100000,0.940000,1527841267.434300,b,l,201806010821
119.100000,22.940636,1527841267.447100,b,l,201806010821
119.100000,0.013756,1527841267.449300,b,l,201806010821
119.100000,0.000008,1527841267.451300,b,l,201806010821
119.220000,7.592792,1527841267.809000,b,l,201806010821
119.310000,1.860000,1527841271.806000,b,l,201806010821
119.550000,0.154000,1527841294.848500,b,l,201806010821
119.850000,0.104000,1527841318.982700,b,l,201806010821
119.860000,5.126055,1527841318.988400,b,l,201806010821
119.830000,7.805187,1527841325.690000,s,l,201806010822
119.860000,4.844298,1527841326.853400,b,l,201806010822
119.910000,0.162000,1527841344.921100,b,l,201806010822
119.920000,0.249750,1527841372.089100,s,l,201806010822
119.930000,0.154000,1527841384.849300,b,l,201806010823
119.930000,0.112000,1527841385.655500,b,l,201806010823
119.930000,0.129000,1527841385.658500,b,l,201806010823
119.940000,1.667500,1527841385.661800,b,l,201806010823
119.940000,0.329000,1527841385.666500,b,l,201806010823
119.950000,0.145000,1527841385.672400,b,l,201806010823
119.960000,0.162000,1527841385.674800,b,l,201806010823
119.970000,0.162000,1527841385.677200,b,l,201806010823
119.980000,0.154000,1527841385.679800,b,l,201806010823
119.990000,0.204000,1527841385.682300,b,l,201806010823
119.990000,0.145000,1527841385.776100,s,l,201806010823
119.950000,0.145000,1527841459.289000,b,l,201806010824
119.950000,0.145000,1527841459.294900,b,l,201806010824
119.950000,0.162000,1527841459.297400,b,l,201806010824
119.950000,0.154000,1527841459.299900,b,l,201806010824
119.960000,0.162000,1527841459.303000,b,l,201806010824
119.960000,0.145000,1527841459.306200,b,l,201806010824
119.960000,0.320000,1527841459.938500,s,l,201806010824
119.800000,3.625000,1527841494.050400,s,l,201806010824
119.660000,0.000000,1527841554.050400,b,m,201806010825
119.660000,0.000000,1527841614.050400,b,m,201806010826
119.660000,0.000000,1527841674.050400,b,m,201806010827
119.660000,0.000000,1527841734.050400,b,m,201806010828
119.660000,0.000000,1527841794.050400,b,m,201806010829
119.660000,0.000000,1527841854.050400,b,m,201806010830
119.660000,0.000000,1527841914.050400,b,m,201806010831
119.660000,0.000000,1527841974.050400,b,m,201806010832
119.660000,0.000000,1527842034.050400,b,m,201806010833
119.660000,0.000000,1527842094.050400,b,m,201806010834
119.660000,0.000000,1527842154.050400,b,m,201806010835
119.660000,1.700000,1527842167.366100,b,m,201806010836
119.670000,3.883002,1527842177.770600,b,l,201806010836
119.660000,0.104463,1527842186.708300,s,l,201806010836
119.570000,0.000000,1527842246.708300,b,l,201806010837
119.570000,0.000000,1527842306.708300,b,l,201806010838
119.570000,0.000000,1527842366.708300,b,l,201806010839
119.570000,0.000000,1527842426.708300,b,l,201806010840
119.570000,0.154000,1527842507.791300,b,l,201806010841
119.580000,0.137000,1527842536.327900,b,l,201806010842
119.600000,0.129000,1527842536.332200,b,l,201806010842
119.630000,0.112000,1527842536.334900,b,l,201806010842
119.660000,0.112000,1527842536.337800,b,l,201806010842
119.670000,0.137000,1527842536.340200,b,l,201806010842
119.680000,0.104000,1527842536.342600,b,l,201806010842
119.690000,0.304000,1527842536.345100,b,l,201806010842
119.700000,0.137000,1527842536.347800,b,l,201806010842
119.710000,0.112000,1527842571.957100,b,l,201806010842
119.730000,0.129000,1527842591.497800,b,l,201806010843
119.760000,0.121000,1527842591.514400,b,l,201806010843
119.800000,0.000000,1527842651.514400,b,m,201806010844
119.800000,0.000000,1527842711.514400,b,m,201806010845
119.800000,0.000000,1527842771.514400,b,m,201806010846
119.800000,0.000000,1527842831.514400,b,m,201806010847
119.800000,0.000000,1527842891.514400,b,m,201806010848
119.800000,0.500000,1527842957.521700,b,m,201806010849
119.790000,0.000000,1527843017.521700,b,m,201806010850
119.790000,0.121000,1527843065.022300,b,m,201806010851
119.800000,0.379000,1527843065.034000,b,m,201806010851
119.770000,0.000000,1527843125.034000,b,l,201806010852
119.770000,0.000000,1527843185.034000,b,l,201806010853
119.770000,0.154000,1527843253.083100,b,l,201806010854
119.790000,0.146000,1527843268.175200,b,l,201806010854
119.820000,0.162000,1527843332.643200,b,l,201806010855
119.840000,0.104000,1527843341.295700,b,l,201806010855
119.850000,0.120000,1527843341.311300,b,l,201806010855
119.860000,0.120000,1527843341.314200,b,l,201806010855
119.880000,0.120000,1527843341.316600,b,l,201806010855
119.890000,0.162000,1527843341.319300,b,l,201806010855
119.900000,0.112000,1527843341.322000,b,l,201806010855
119.910000,0.137000,1527843341.324500,b,l,201806010855
119.920000,0.104000,1527843341.326900,b,l,201806010855
119.930000,0.245000,1527843341.329400,b,l,201806010855
120.000000,70.751000,1527843341.332400,b,l,201806010855
120.000000,20.000000,1527843351.676900,b,l,201806010855
120.000000,50.000000,1527843381.650900,b,l,201806010856
120.000000,46.212030,1527843384.310300,b,l,201806010856
120.000000,0.036940,1527843384.318000,b,l,201806010856
120.000000,0.000030,1527843384.320000,b,l,201806010856
120.000000,0.798722,1527843384.328700,b,l,201806010856
120.000000,0.001276,1527843384.330700,b,l,201806010856
120.000000,0.000002,1527843384.332900,b,l,201806010856
120.000000,24.822000,1527843384.337300,b,l,201806010856
120.000000,0.000000,1527843444.337300,b,l,201806010857
120.000000,0.000000,1527843504.337300,b,l,201806010858
120.000000,71.871000,1527843581.400500,b,l,201806010859
120.000000,0.000000,1527843641.400500,b,l,201806010900
120.000000,76.215546,1527843688.019400,b,l,201806010901
120.000000,0.091349,1527843688.026500,b,l,201806010901
120.000000,0.000105,1527843688.028600,b,l,201806010901
120.110000,0.137000,1527843748.079100,b,l,201806010902
120.120000,0.104000,1527843748.085400,b,l,201806010902
120.130000,0.000000,1527843808.085400,b,l,201806010903
120.130000,0.104000,1527843855.444600,b,l,201806010904
120.170000,0.120000,1527843855.454300,b,l,201806010904
120.180000,0.137000,1527843906.603000,b,l,201806010905
120.190000,0.103000,1527843906.608900,b,l,201806010905
120.200000,0.137000,1527843969.875900,b,l,201806010906
120.200000,1.426857,1527844043.886400,s,l,201806010907
119.990000,0.000000,1527844103.886400,b,l,201806010908
119.990000,0.000000,1527844163.886400,b,l,201806010909
119.990000,0.000000,1527844223.886400,b,l,201806010910
119.990000,0.000000,1527844283.886400,b,l,201806010911
119.990000,0.000000,1527844343.886400,b,l,201806010912
119.990000,0.000000,1527844403.886400,b,l,201806010913
119.990000,0.000000,1527844463.886400,b,l,201806010914
119.990000,0.000000,1527844523.886400,b,l,201806010915
119.990000,0.105676,1527844619.049000,b,l,201806010916
119.970000,0.000000,1527844679.049000,b,l,201806010917
119.970000,0.000000,1527844739.049000,b,l,201806010918
119.970000,0.000000,1527844799.049000,b,l,201806010919
119.970000,0.000000,1527844859.049000,b,l,201806010920
119.970000,3.683008,1527844913.523700,b,l,201806010921
120.000000,55.605328,1527844913.527600,b,l,201806010921
120.000000,20.000000,1527844937.218500,b,l,201806010922
120.000000,24.394672,1527844938.910100,b,l,201806010922
120.180000,0.162000,1527844940.087200,b,l,201806010922
120.200000,0.137000,1527844940.091500,b,l,201806010922
120.210000,0.112000,1527844940.094000,b,l,201806010922
120.220000,0.128000,1527844940.096300,b,l,201806010922
120.230000,8.137529,1527844940.098700,b,l,201806010922
120.240000,0.237000,1527844940.101500,b,l,201806010922
120.240000,0.112000,1527844940.104000,b,l,201806010922
120.250000,0.534471,1527844940.107100,b,l,201806010922
120.220000,1.019512,1527844989.426500,b,l,201806010923
120.030000,10.000000,1527845003.708400,s,l,201806010923
119.940000,10.000000,1527845011.918500,s,l,201806010923
120.020000,1.072372,1527845030.977300,b,l,201806010923
120.020000,43.927628,1527845052.459600,b,l,201806010924
120.200000,0.000000,1527845112.459600,b,m,201806010925
120.200000,0.812674,1527845207.416300,b,m,201806010926
119.890000,22.242711,1527845276.427900,s,l,201806010927
119.880000,22.276070,1527845276.430900,s,l,201806010927
119.610000,11.433000,1527845291.785600,s,l,201806010928
119.560000,8.330000,1527845314.655600,b,l,201806010928
119.560000,5.547000,1527845317.079900,b,l,201806010928
119.620000,19.350000,1527845324.212500,s,l,201806010928
119.530000,55.000000,1527845324.218200,s,l,201806010928
119.530000,10.000000,1527845324.221900,s,l,201806010928
119.530000,6.000000,1527845324.225300,s,l,201806010928
119.530000,16.244209,1527845324.229000,s,l,201806010928
119.530000,0.028791,1527845324.231600,s,l,201806010928
119.590000,26.680000,1527845332.835200,b,l,201806010928
119.590000,24.820000,1527845335.907400,b,l,201806010928
119.420000,0.000000,1527845395.907400,s,m,201806010929
119.420000,0.104192,1527845412.440800,s,m,201806010930
119.420000,0.000270,1527845412.446100,s,m,201806010930
119.420000,0.000001,1527845412.448400,s,m,201806010930
119.430000,0.369046,1527845464.603500,s,m,201806010931
119.430000,0.000954,1527845464.607800,s,m,201806010931
119.390000,0.000000,1527845524.607800,b,l,201806010932
119.390000,0.000000,1527845584.607800,b,l,201806010933
119.390000,0.000000,1527845644.607800,b,l,201806010934
119.390000,0.000000,1527845704.607800,b,l,201806010935
119.390000,0.000000,1527845764.607800,b,l,201806010936
119.390000,0.000000,1527845824.607800,b,l,201806010937
119.390000,0.000000,1527845884.607800,b,l,201806010938
119.390000,0.000000,1527845944.607800,b,l,201806010939
119.390000,0.000000,1527846004.607800,b,l,201806010940
119.390000,0.000000,1527846064.607800,b,l,201806010941
119.390000,0.000000,1527846124.607800,b,l,201806010942
119.390000,0.000000,1527846184.607800,b,l,201806010943
119.390000,0.000000,1527846244.607800,b,l,201806010944
119.390000,0.000000,1527846304.607800,b,l,201806010945
119.390000,0.000000,1527846364.607800,b,l,201806010946
119.390000,0.000000,1527846424.607800,b,l,201806010947
119.390000,0.000000,1527846484.607800,b,l,201806010948
119.390000,0.000000,1527846544.607800,b,l,201806010949
119.390000,0.000000,1527846604.607800,b,l,201806010950
119.390000,0.163000,1527846717.387900,b,l,201806010951
119.450000,0.000000,1527846777.387900,b,l,201806010952
119.450000,0.000000,1527846837.387900,b,l,201806010953
119.450000,0.000000,1527846897.387900,b,l,201806010954
119.450000,0.000000,1527846957.387900,b,l,201806010955
119.450000,0.955300,1527847011.811900,b,l,201806010956
119.410000,0.000000,1527847071.811900,b,l,201806010957
119.410000,0.000000,1527847131.811900,b,l,201806010958
119.410000,0.000000,1527847191.811900,b,l,201806010959
119.410000,0.000000,1527847251.811900,b,l,201806011000
119.410000,0.000000,1527847311.811900,b,l,201806011001
119.410000,0.113000,1527847332.059700,b,l,201806011002
119.450000,0.163000,1527847332.062900,b,l,201806011002
119.510000,0.543000,1527847332.065400,b,l,201806011002
119.490000,0.000000,1527847392.065400,b,l,201806011003
119.490000,10.000000,1527847452.398900,b,l,201806011004
119.500000,0.154000,1527847452.404800,b,l,201806011004
119.470000,0.000000,1527847512.404800,s,l,201806011005
119.470000,0.000000,1527847572.404800,s,l,201806011006
119.470000,0.000000,1527847632.404800,s,l,201806011007
119.470000,0.000000,1527847692.404800,s,l,201806011008
119.470000,2.381500,1527847796.933300,s,l,201806011009
119.550000,0.000000,1527847856.933300,b,l,201806011010
119.550000,0.000000,1527847916.933300,b,l,201806011011
119.550000,0.000000,1527847976.933300,b,l,201806011012
119.550000,0.104000,1527847986.229700,b,l,201806011013
119.570000,0.296000,1527848066.783100,b,l,201806011014
119.580000,0.213000,1527848121.461500,b,l,201806011015
119.590000,0.129000,1527848121.475300,b,l,201806011015
119.610000,0.129000,1527848196.285800,b,l,201806011016
119.620000,0.129000,1527848233.992900,b,l,201806011017
119.630000,0.146000,1527848257.933700,b,l,201806011017
119.640000,0.146000,1527848278.251800,b,l,201806011017
119.640000,0.146000,1527848278.257500,b,l,201806011017
119.680000,0.112000,1527848311.592800,b,l,201806011018
119.700000,0.129000,1527848323.265100,b,l,201806011018
119.710000,0.146000,1527848343.682000,b,l,201806011019
119.710000,0.121000,1527848343.690300,b,l,201806011019
119.630000,0.000000,1527848403.690300,b,m,201806011020
119.630000,0.000000,1527848463.690300,b,m,201806011021
119.630000,0.000000,1527848523.690300,b,m,201806011022
119.630000,0.000000,1527848583.690300,b,m,201806011023
119.630000,0.000000,1527848643.690300,b,m,201806011024
119.630000,0.000000,1527848703.690300,b,m,201806011025
119.630000,0.000000,1527848763.690300,b,m,201806011026
119.630000,0.000000,1527848823.690300,b,m,201806011027
119.630000,0.000000,1527848883.690300,b,m,201806011028
119.630000,0.000000,1527848943.690300,b,m,201806011029
119.630000,0.000000,1527849003.690300,b,m,201806011030
119.630000,0.000000,1527849063.690300,b,m,201806011031
119.630000,0.999456,1527849135.874500,b,m,201806011032
119.630000,0.001544,1527849135.878800,b,m,201806011032
119.710000,0.589673,1527849135.882100,b,m,201806011032
119.710000,0.000471,1527849135.884500,b,m,201806011032
119.710000,0.000000,1527849135.886800,b,m,201806011032
119.830000,2.705262,1527849135.889900,b,m,201806011032
119.840000,0.703594,1527849135.893100,b,m,201806011032
119.590000,0.000000,1527849195.893100,b,l,201806011033
119.590000,0.000000,1527849255.893100,b,l,201806011034
119.590000,0.000000,1527849315.893100,b,l,201806011035
119.590000,0.104306,1527849362.231800,b,l,201806011036
119.410000,0.000000,1527849422.231800,s,m,201806011037
119.410000,0.000000,1527849482.231800,s,m,201806011038
119.410000,0.000000,1527849542.231800,s,m,201806011039
119.410000,0.000000,1527849602.231800,s,m,201806011040
119.410000,0.104035,1527849660.668500,s,m,201806011041
119.410000,0.000270,1527849660.673000,s,m,201806011041
119.410000,0.000001,1527849660.674800,s,m,201806011041
119.450000,7.421800,1527849728.829300,b,m,201806011042
119.450000,3.358200,1527849742.435100,b,l,201806011042
119.570000,0.000000,1527849802.435100,b,l,201806011043
119.570000,0.000000,1527849862.435100,b,l,201806011044
119.570000,0.000000,1527849922.435100,b,l,201806011045
119.570000,0.000000,1527849982.435100,b,l,201806011046
119.570000,0.000000,1527850042.435100,b,l,201806011047
119.570000,0.000000,1527850102.435100,b,l,201806011048
119.570000,0.000000,1527850162.435100,b,l,201806011049
119.570000,0.000000,1527850222.435100,b,l,201806011050
119.570000,0.000000,1527850282.435100,b,l,201806011051
119.570000,0.154000,1527850375.553200,b,l,201806011052
119.570000,0.000000,1527850435.553200,b,l,201806011053
119.570000,0.000000,1527850495.553200,b,l,201806011054
119.570000,0.000000,1527850555.553200,b,l,201806011055
119.570000,0.000000,1527850615.553200,b,l,201806011056
119.570000,0.000000,1527850675.553200,b,l,201806011057
119.570000,0.000000,1527850735.553200,b,l,201806011058
119.570000,0.000000,1527850795.553200,b,l,201806011059
119.570000,0.332032,1527850834.889000,b,l,201806011100
119.570000,4.664240,1527850835.834100,b,l,201806011100
119.570000,0.003728,1527850835.836300,b,l,201806011100
119.580000,0.163000,1527850835.839000,b,l,201806011100
119.590000,0.154000,1527850835.841800,b,l,201806011100
119.600000,0.112000,1527850835.844600,b,l,201806011100
119.640000,0.112000,1527850835.847100,b,l,201806011100
119.560000,0.137000,1527850837.569200,b,l,201806011100
119.650000,0.137000,1527850837.575100,b,l,201806011100
119.550000,0.000000,1527850897.575100,b,l,201806011101
119.550000,0.000000,1527850957.575100,b,l,201806011102
119.550000,0.000000,1527851017.575100,b,l,201806011103
119.550000,0.000000,1527851077.575100,b,l,201806011104
119.550000,0.000000,1527851137.575100,b,l,201806011105
119.550000,0.154000,1527851190.776900,b,l,201806011106
119.580000,0.146000,1527851190.780800,b,l,201806011106
119.620000,0.112000,1527851190.783800,b,l,201806011106
119.480000,0.000000,1527851250.783800,s,l,201806011107
119.480000,0.000000,1527851310.783800,s,l,201806011108
119.480000,0.000000,1527851370.783800,s,l,201806011109
119.480000,0.000000,1527851430.783800,s,l,201806011110
119.480000,0.000000,1527851490.783800,s,l,201806011111
119.480000,0.000000,1527851550.783800,s,l,201806011112
119.480000,0.000000,1527851610.783800,s,l,201806011113
119.480000,0.000000,1527851670.783800,s,l,201806011114
119.480000,8.090000,1527851704.889900,s,l,201806011115
119.640000,0.000000,1527851764.889900,b,l,201806011116
119.640000,0.000000,1527851824.889900,b,l,201806011117
119.640000,0.000000,1527851884.889900,b,l,201806011118
119.640000,0.000000,1527851944.889900,b,l,201806011119
119.640000,0.000000,1527852004.889900,b,l,201806011120
119.640000,0.000000,1527852064.889900,b,l,201806011121
119.640000,0.112000,1527852175.829100,b,l,201806011122
119.690000,0.000000,1527852235.829100,b,l,201806011123
119.690000,0.162000,1527852296.261200,b,l,201806011124
119.730000,0.154000,1527852296.266300,b,l,201806011124
119.740000,0.137000,1527852296.268700,b,l,201806011124
119.750000,0.129000,1527852296.271100,b,l,201806011124
119.760000,0.032206,1527852296.273500,b,l,201806011124
119.760000,0.000000,1527852356.273500,b,l,201806011125
119.760000,0.000000,1527852416.273500,b,l,201806011126
119.760000,0.000000,1527852476.273500,b,l,201806011127
119.760000,0.000000,1527852536.273500,b,l,201806011128
119.760000,0.000000,1527852596.273500,b,l,201806011129
119.760000,0.000000,1527852656.273500,b,l,201806011130
119.760000,0.000000,1527852716.273500,b,l,201806011131
119.760000,0.000000,1527852776.273500,b,l,201806011132
119.760000,0.000000,1527852836.273500,b,l,201806011133
119.760000,0.163794,1527852887.969200,b,l,201806011134
119.160000,0.000000,1527852947.969200,s,l,201806011135
119.160000,0.000000,1527853007.969200,s,l,201806011136
119.160000,0.000000,1527853067.969200,s,l,201806011137
119.160000,0.000000,1527853127.969200,s,l,201806011138
119.160000,0.000000,1527853187.969200,s,l,201806011139
119.160000,0.000000,1527853247.969200,s,l,201806011140
119.160000,0.000000,1527853307.969200,s,l,201806011141
119.160000,0.000000,1527853367.969200,s,l,201806011142
119.160000,0.000000,1527853427.969200,s,l,201806011143
119.160000,0.000000,1527853487.969200,s,l,201806011144
119.160000,0.000000,1527853547.969200,s,l,201806011145
119.160000,0.000000,1527853607.969200,s,l,201806011146
119.160000,0.000000,1527853667.969200,s,l,201806011147
119.160000,0.000000,1527853727.969200,s,l,201806011148
119.160000,2.706000,1527853757.336500,s,l,201806011149
119.120000,15.000000,1527853801.770100,s,l,201806011150
119.100000,0.000000,1527853861.770100,s,l,201806011151
119.100000,2.109082,1527853922.249700,s,l,201806011152
119.030000,15.123019,1527853923.687600,s,l,201806011152
118.950000,1.047446,1527853923.691000,s,l,201806011152
118.940000,22.609535,1527853923.694300,s,l,201806011152
118.940000,35.853048,1527853926.159600,s,l,201806011152
118.920000,10.986952,1527853926.162500,s,l,201806011152
118.920000,46.840000,1527853926.265800,s,l,201806011152
118.920000,3.604442,1527853928.365400,s,l,201806011152
118.910000,7.295558,1527853931.300700,s,l,201806011152
118.910000,33.637000,1527853931.432900,s,l,201806011152
118.910000,20.498836,1527853931.932700,s,l,201806011152
118.900000,3.126000,1527853931.935700,s,l,201806011152
118.890000,16.375164,1527853931.938300,s,l,201806011152
118.890000,10.445715,1527853937.089300,s,l,201806011152
118.890000,25.340000,1527853941.096800,s,l,201806011152
118.890000,12.119262,1527853941.214000,s,l,201806011152
118.880000,20.000000,1527853941.772200,s,l,201806011152
118.880000,4.785816,1527853943.365500,s,l,201806011152
118.880000,0.772800,1527853943.392500,s,l,201806011152
118.880000,28.030000,1527853943.402300,s,l,201806011152
118.880000,5.880000,1527853943.466900,s,l,201806011152
118.880000,4.811524,1527853943.980800,s,l,201806011152
118.870000,1.098476,1527853943.985500,s,l,201806011152
118.870000,27.380000,1527853944.200800,s,l,201806011152
118.870000,29.483945,1527853944.302400,s,l,201806011152
118.870000,6.317720,1527853944.751400,s,l,201806011152
118.830000,5.610073,1527853946.303800,s,l,201806011152
118.830000,30.570000,1527853946.446300,s,l,201806011152
118.830000,23.000000,1527853946.701200,s,l,201806011152
118.830000,0.981844,1527853947.656600,s,l,201806011152
118.810000,6.390437,1527853947.659600,s,l,201806011152
118.810000,7.010000,1527853948.169800,s,l,201806011152
118.810000,23.250000,1527853949.280500,s,l,201806011152
118.810000,20.000000,1527853949.940800,s,l,201806011152
118.810000,2.272126,1527853950.741900,s,l,201806011152
118.810000,1.239355,1527853952.809300,s,l,201806011152
118.790000,14.760645,1527853952.812700,s,l,201806011152
118.790000,16.080000,1527853953.556600,s,l,201806011152
118.790000,25.440000,1527853953.717500,s,l,201806011152
118.790000,3.881271,1527853954.053100,s,l,201806011152
118.760000,1.684100,1527853954.419700,s,l,201806011152
118.390000,2.705262,1527853954.427700,s,l,201806011152
118.390000,13.234070,1527853954.430500,s,l,201806011152
118.380000,2.376568,1527853954.433100,s,l,201806011152
118.380000,25.665432,1527853964.435900,s,l,201806011152
118.000000,2.529400,1527853991.758600,s,l,201806011153
118.000000,20.351157,1527853991.765600,s,m,201806011153
118.000000,65.119443,1527853994.069100,s,l,201806011153
117.670000,0.151925,1527854016.511600,s,l,201806011153
117.670000,9.495100,1527854077.670100,b,l,201806011154
117.680000,10.000000,1527854077.674600,b,l,201806011154
117.890000,10.000000,1527854086.517300,b,l,201806011154
117.890000,3.681171,1527854091.720500,s,l,201806011154
117.890000,36.403445,1527854101.973900,s,l,201806011155
117.890000,4.915384,1527854104.395800,s,l,201806011155
117.870000,2.705262,1527854112.739800,b,l,201806011155
117.870000,0.591768,1527854112.744000,b,l,201806011155
117.870000,0.000473,1527854112.746000,b,l,201806011155
117.870000,0.000000,1527854112.748100,b,l,201806011155
117.880000,51.702497,1527854112.750500,b,l,201806011155
117.390000,2.705262,1527854126.964000,s,l,201806011155
117.310000,0.511465,1527854126.969500,s,l,201806011155
117.290000,5.251400,1527854127.798600,b,l,201806011155
117.290000,0.412412,1527854127.804900,b,l,201806011155
117.290000,0.412412,1527854129.658200,b,l,201806011155
117.290000,8.510882,1527854131.087600,b,l,201806011155
117.330000,0.000000,1527854191.087600,b,l,201806011156
117.330000,0.000000,1527854251.087600,b,l,201806011157
117.330000,10.000000,1527854321.981200,b,l,201806011158
117.270000,10.000000,1527854357.292300,b,l,201806011159
117.260000,0.251000,1527854359.398300,b,l,201806011159
117.260000,2.454262,1527854365.364100,b,l,201806011159
117.270000,2.545738,1527854365.377900,b,l,201806011159
117.110000,0.986106,1527854367.497700,s,m,201806011159
117.100000,1.000000,1527854367.503500,s,m,201806011159
117.100000,3.006081,1527854367.507700,s,m,201806011159
117.100000,0.007796,1527854367.509900,s,m,201806011159
117.100000,0.000017,1527854367.512000,s,m,201806011159
117.270000,7.454262,1527854370.203800,b,l,201806011159
117.270000,6.367397,1527854375.035800,s,l,201806011159
117.270000,1.178341,1527854383.205200,s,l,201806011159
117.100000,11.986106,1527854400.245900,s,l,201806011200
117.020000,0.499000,1527854441.221500,b,m,201806011200
116.890000,14.097265,1527854446.735600,s,l,201806011200
116.690000,18.805971,1527854446.739000,s,l,201806011200
116.680000,0.000764,1527854446.744100,s,l,201806011200
116.890000,0.600842,1527854467.455600,b,l,201806011201
116.890000,0.000480,1527854467.459300,b,l,201806011201
116.890000,0.000000,1527854467.461500,b,l,201806011201
116.970000,0.132000,1527854476.090100,b,l,201806011201
116.980000,0.123000,1527854476.094600,b,l,201806011201
116.990000,0.115000,1527854476.097700,b,l,201806011201
116.990000,10.000000,1527854482.944000,b,l,201806011201
116.990000,1.849054,1527854492.272500,b,m,201806011201
116.980000,0.132000,1527854526.423800,b,l,201806011202
117.000000,0.166000,1527854534.306500,b,l,201806011202
117.010000,0.158000,1527854539.352300,b,l,201806011202
117.030000,0.209000,1527854553.168900,b,l,201806011202
117.190000,0.166000,1527854605.995700,b,l,201806011203
117.260000,0.000000,1527854665.995700,b,l,201806011204
117.260000,0.200000,1527854721.165400,b,l,201806011205
117.260000,9.800000,1527854721.176600,b,l,201806011205
117.160000,0.000000,1527854781.176600,s,l,201806011206
117.160000,5.000000,1527854873.968100,s,l,201806011207
117.150000,10.000000,1527854873.976800,s,l,201806011207
117.110000,3.195752,1527854873.979700,s,l,201806011207
117.090000,10.000000,1527854873.982300,s,l,201806011207
117.080000,23.784083,1527854873.984900,s,l,201806011207
117.080000,4.205917,1527854874.206700,s,l,201806011207
116.980000,2.705262,1527854874.211800,s,l,201806011207
116.970000,11.433000,1527854874.214800,s,l,201806011207
116.960000,0.581921,1527854874.218300,s,l,201806011207
117.250000,0.000000,1527854934.218300,b,l,201806011208
117.250000,0.000000,1527854994.218300,b,l,201806011209
117.250000,0.166000,1527855000.150000,b,l,201806011210
117.270000,0.123000,1527855000.162100,b,l,201806011210
117.280000,0.115000,1527855000.165400,b,l,201806011210
117.240000,0.000000,1527855060.165400,b,l,201806011211
117.240000,0.000000,1527855120.165400,b,l,201806011212
117.240000,0.123000,1527855193.562300,b,l,201806011213
117.150000,10.000000,1527855261.443000,s,l,201806011214
117.140000,27.990000,1527855261.456300,s,l,201806011214
117.120000,5.000000,1527855261.459800,s,l,201806011214
117.080000,8.900000,1527855261.463400,s,l,201806011214
117.070000,7.382102,1527855261.466000,s,l,201806011214
117.070000,0.016205,1527855261.469000,s,l,201806011214
117.070000,0.000033,1527855261.471100,s,l,201806011214
117.270000,0.149000,1527855276.647700,b,l,201806011214
117.270000,10.000000,1527855276.663200,b,l,201806011214
117.160000,2.999806,1527855319.201700,s,m,201806011215
117.260000,0.000000,1527855379.201700,b,m,201806011216
117.260000,0.000000,1527855439.201700,b,m,201806011217
117.260000,0.149000,1527855519.948500,b,m,201806011218
117.270000,0.157000,1527855519.955400,b,m,201806011218
117.290000,0.294000,1527855519.960100,b,m,201806011218
117.300000,0.132000,1527855519.963500,b,m,201806011218
117.310000,0.149000,1527855519.966600,b,m,201806011218
117.320000,0.140000,1527855519.969600,b,m,201806011218
117.330000,0.979000,1527855519.972500,b,m,201806011218
117.300000,2.000000,1527855535.468400,b,m,201806011218
117.260000,0.132000,1527855540.269800,b,l,201806011219
117.240000,0.166000,1527855595.819300,b,m,201806011219
117.240000,0.166000,1527855595.828200,b,m,201806011219
117.250000,0.140000,1527855595.830800,b,m,201806011219
117.260000,0.208000,1527855595.833200,b,m,201806011219
117.290000,0.157000,1527855595.835800,b,m,201806011219
117.300000,0.106000,1527855595.838600,b,m,201806011219
117.320000,0.157000,1527855595.841400,b,m,201806011219
117.330000,0.900000,1527855595.844000,b,m,201806011219
117.280000,0.000000,1527855655.844000,b,l,201806011220
117.280000,0.157000,1527855663.782000,b,l,201806011221
117.290000,0.123000,1527855663.785500,b,l,201806011221
117.310000,0.132000,1527855687.428200,b,l,201806011221
117.310000,0.140000,1527855687.434100,b,l,201806011221
117.320000,0.149000,1527855687.437300,b,l,201806011221
117.340000,0.115000,1527855687.440200,b,l,201806011221
117.360000,0.166000,1527855748.149600,b,l,201806011222
117.440000,0.327000,1527855792.473400,b,l,201806011223
117.460000,0.140000,1527855792.477900,b,l,201806011223
117.470000,0.106000,1527855792.480700,b,l,201806011223
117.500000,0.148000,1527855792.483500,b,l,201806011223
117.530000,0.165000,1527855792.485900,b,l,201806011223
117.540000,0.140000,1527855792.488400,b,l,201806011223
117.550000,0.092000,1527855792.493200,b,l,201806011223
117.320000,0.100000,1527855822.492600,s,l,201806011223
117.320000,0.100000,1527855827.417400,s,l,201806011223
117.520000,0.131000,1527855869.698800,b,l,201806011224
117.530000,0.114000,1527855869.701400,b,l,201806011224
117.530000,0.249494,1527855869.704400,b,l,201806011224
117.370000,0.000000,1527855929.704400,s,l,201806011225
117.370000,0.099741,1527855974.539400,s,l,201806011226
117.370000,0.000259,1527855974.542700,s,l,201806011226
117.370000,0.000001,1527855974.544900,s,l,201806011226
117.540000,0.148000,1527856061.126500,b,l,201806011227
117.540000,3.368000,1527856061.131600,b,l,201806011227
117.280000,0.000000,1527856121.131600,s,l,201806011228
117.280000,0.000000,1527856181.131600,s,l,201806011229
117.280000,0.000000,1527856241.131600,s,l,201806011230
117.280000,0.000000,1527856301.131600,s,l,201806011231
117.280000,0.000000,1527856361.131600,s,l,201806011232
117.280000,0.000000,1527856421.131600,s,l,201806011233
117.280000,0.422000,1527856476.757700,s,l,201806011234
117.370000,0.000000,1527856536.757700,b,l,201806011235
117.370000,0.000000,1527856596.757700,b,l,201806011236
117.370000,0.000000,1527856656.757700,b,l,201806011237
117.370000,0.000000,1527856716.757700,b,l,201806011238
117.370000,0.000000,1527856776.757700,b,l,201806011239
117.370000,0.140000,1527856854.651300,b,l,201806011240
117.380000,7.860000,1527856854.667100,b,l,201806011240
117.220000,0.000000,1527856914.667100,s,l,201806011241
117.220000,0.000000,1527856974.667100,s,l,201806011242
117.220000,0.845000,1527857011.531300,s,l,201806011243
117.390000,0.000000,1527857071.531300,b,l,201806011244
117.390000,0.000000,1527857131.531300,b,l,201806011245
117.390000,0.000000,1527857191.531300,b,l,201806011246
117.390000,0.140000,1527857236.054200,b,l,201806011247
117.390000,7.860000,1527857236.058900,b,l,201806011247
117.390000,0.000000,1527857296.058900,b,l,201806011248
117.390000,0.000000,1527857356.058900,b,l,201806011249
117.390000,0.000000,1527857416.058900,b,l,201806011250
117.390000,0.000000,1527857476.058900,b,l,201806011251
117.390000,0.000000,1527857536.058900,b,l,201806011252
117.390000,2.140000,1527857586.338800,b,l,201806011253
117.440000,0.131000,1527857587.240600,b,l,201806011253
117.450000,0.123000,1527857587.246100,b,l,201806011253
117.450000,0.148000,1527857587.249200,b,l,201806011253
117.460000,0.165000,1527857587.252400,b,l,201806011253
117.480000,0.157000,1527857587.255300,b,l,201806011253
117.490000,0.140000,1527857587.258000,b,l,201806011253
117.500000,0.123000,1527857587.261000,b,l,201806011253
117.510000,0.106000,1527857587.265600,b,l,201806011253
117.520000,0.123000,1527857587.268500,b,l,201806011253
117.530000,0.148000,1527857587.271600,b,l,201806011253
117.530000,7.636000,1527857587.275000,b,l,201806011253
117.460000,5.000000,1527857627.773400,b,l,201806011253
117.540000,6.632000,1527857628.518500,b,l,201806011253
117.580000,0.148000,1527857628.529900,b,l,201806011253
117.600000,13.220000,1527857628.533400,b,l,201806011253
117.580000,0.000000,1527857688.533400,b,l,201806011254
117.580000,0.000000,1527857748.533400,b,l,201806011255
117.580000,0.000000,1527857808.533400,b,l,201806011256
117.580000,0.000000,1527857868.533400,b,l,201806011257
117.580000,0.000000,1527857928.533400,b,l,201806011258
117.580000,0.000000,1527857988.533400,b,l,201806011259
117.580000,0.106292,1527858036.066300,b,l,201806011300
117.590000,0.000000,1527858096.066300,b,l,201806011301
117.590000,0.000000,1527858156.066300,b,l,201806011302
117.590000,0.000000,1527858216.066300,b,l,201806011303
117.590000,0.000000,1527858276.066300,b,l,201806011304
117.590000,0.000000,1527858336.066300,b,l,201806011305
117.590000,0.000000,1527858396.066300,b,l,201806011306
117.590000,0.000000,1527858456.066300,b,l,201806011307
117.590000,0.000000,1527858516.066300,b,l,201806011308
117.590000,0.000000,1527858576.066300,b,l,201806011309
117.590000,0.000000,1527858636.066300,b,l,201806011310
117.590000,0.000000,1527858696.066300,b,l,201806011311
117.590000,3.132925,1527858768.435600,b,l,201806011312
117.550000,0.000000,1527858828.435600,s,m,201806011313
117.550000,0.000000,1527858888.435600,s,m,201806011314
117.550000,0.000000,1527858948.435600,s,m,201806011315
117.550000,0.000000,1527859008.435600,s,m,201806011316
117.550000,0.000000,1527859068.435600,s,m,201806011317
117.550000,0.000000,1527859128.435600,s,m,201806011318
117.550000,0.000000,1527859188.435600,s,m,201806011319
117.550000,0.000000,1527859248.435600,s,m,201806011320
117.550000,0.220000,1527859272.574900,s,m,201806011321
117.600000,0.000000,1527859332.574900,b,l,201806011322
117.600000,29.580000,1527859394.863500,b,l,201806011323
117.600000,17.814419,1527859420.588700,b,l,201806011323
117.620000,0.131000,1527859420.593300,b,l,201806011323
117.630000,0.123000,1527859420.595900,b,l,201806011323
117.640000,0.000000,1527859480.595900,b,l,201806011324
117.640000,0.000000,1527859540.595900,b,l,201806011325
117.640000,0.000000,1527859600.595900,b,l,201806011326
117.640000,0.000000,1527859660.595900,b,l,201806011327
117.640000,0.000000,1527859720.595900,b,l,201806011328
117.640000,0.000000,1527859780.595900,b,l,201806011329
117.640000,0.140000,1527859817.722800,b,l,201806011330
117.640000,0.131000,1527859817.725700,b,l,201806011330
117.650000,0.131000,1527859817.728300,b,l,201806011330
117.670000,0.140000,1527859835.227800,b,l,201806011330
117.680000,0.165000,1527859870.460100,b,l,201806011331
117.830000,0.000000,1527859930.460100,b,l,201806011332
117.830000,0.000000,1527859990.460100,b,l,201806011333
117.830000,0.000000,1527860050.460100,b,l,201806011334
117.830000,0.000000,1527860110.460100,b,l,201806011335
117.830000,0.000000,1527860170.460100,b,l,201806011336
117.830000,0.123000,1527860233.729300,b,l,201806011337
117.850000,0.114000,1527860233.734700,b,l,201806011337
117.870000,0.114000,1527860233.737300,b,l,201806011337
117.910000,0.165000,1527860233.739700,b,l,201806011337
117.920000,0.156000,1527860233.742200,b,l,201806011337
117.930000,0.122000,1527860233.744600,b,l,201806011337
117.940000,0.326000,1527860233.747000,b,l,201806011337
117.960000,0.105000,1527860233.749600,b,l,201806011337
117.990000,0.105000,1527860233.752000,b,l,201806011337
118.000000,18.333036,1527860234.453600,s,l,201806011337
118.000000,20.086558,1527860243.462900,s,l,201806011337
117.990000,0.000000,1527860303.462900,b,l,201806011338
117.990000,0.000000,1527860363.462900,b,l,201806011339
117.990000,0.165000,1527860453.517000,b,l,201806011340
118.000000,0.216000,1527860453.520300,b,l,201806011340
118.010000,0.122000,1527860453.523700,b,l,201806011340
118.020000,0.122000,1527860453.527400,b,l,201806011340
118.030000,0.165000,1527860453.530400,b,l,201806011340
118.040000,0.041980,1527860453.533400,b,l,201806011340
117.750000,4.284311,1527860480.549500,s,l,201806011341
117.760000,0.715689,1527860502.609000,s,l,201806011341
117.760000,5.000000,1527860503.625400,s,l,201806011341
117.780000,1.616037,1527860526.284900,s,m,201806011342
117.780000,0.003963,1527860526.291300,s,m,201806011342
117.860000,0.156000,1527860623.059900,b,l,201806011343
117.870000,0.114000,1527860624.148500,b,l,201806011343
117.870000,0.148000,1527860624.157000,b,l,201806011343
117.890000,0.000000,1527860684.157000,b,m,201806011344
117.890000,0.000000,1527860744.157000,b,m,201806011345
117.890000,0.000000,1527860804.157000,b,m,201806011346
117.890000,0.000000,1527860864.157000,b,m,201806011347
117.890000,0.000000,1527860924.157000,b,m,201806011348
117.890000,0.000000,1527860984.157000,b,m,201806011349
117.890000,0.106000,1527861030.549300,b,m,201806011350
118.000000,0.148000,1527861030.553000,b,m,201806011350
118.000000,0.165000,1527861030.555700,b,m,201806011350
118.030000,0.148000,1527861030.558500,b,m,201806011350
118.050000,0.148000,1527861030.561000,b,m,201806011350
118.060000,0.292000,1527861030.563700,b,m,201806011350
118.070000,0.122000,1527861030.566500,b,m,201806011350
118.080000,0.317000,1527861030.569300,b,m,201806011350
118.100000,0.148000,1527861030.572000,b,m,201806011350
118.110000,0.105000,1527861030.574600,b,m,201806011350
118.120000,0.851000,1527861030.577200,b,m,201806011350
118.110000,0.122000,1527861033.133400,b,l,201806011350
118.120000,0.501774,1527861033.142200,b,l,201806011350
117.820000,0.000000,1527861093.142200,s,m,201806011351
117.820000,0.000000,1527861153.142200,s,m,201806011352
117.820000,0.000000,1527861213.142200,s,m,201806011353
117.820000,0.000000,1527861273.142200,s,m,201806011354
117.820000,0.446171,1527861308.914200,s,m,201806011355
117.990000,0.114000,1527861358.320500,b,l,201806011355
118.000000,0.114000,1527861358.324700,b,l,201806011355
118.010000,0.156000,1527861358.327400,b,l,201806011355
118.020000,0.165000,1527861358.330200,b,l,201806011355
118.030000,0.148000,1527861358.332900,b,l,201806011355
118.040000,0.114000,1527861358.335900,b,l,201806011355
118.050000,0.105000,1527861358.338400,b,l,201806011355
118.060000,0.148000,1527861358.340800,b,l,201806011355
118.070000,0.122000,1527861358.343200,b,l,201806011355
118.080000,0.105000,1527861358.346400,b,l,201806011355
118.090000,0.148000,1527861358.349200,b,l,201806011355
118.100000,0.165000,1527861358.351800,b,l,201806011355
118.110000,1.515132,1527861358.354300,b,l,201806011355
118.000000,0.000000,1527861418.354300,b,l,201806011356
118.000000,0.165000,1527861466.648500,b,l,201806011357
118.010000,0.122000,1527861466.657200,b,l,201806011357
118.010000,0.131000,1527861466.659700,b,l,201806011357
118.030000,0.165000,1527861470.134200,b,l,201806011357
118.040000,0.131000,1527861470.136900,b,l,201806011357
118.050000,0.122000,1527861470.139400,b,l,201806011357
117.950000,0.000000,1527861530.139400,s,m,201806011358
117.950000,3.006000,1527861589.606400,s,m,201806011359
117.940000,0.120954,1527861589.614400,s,m,201806011359
117.940000,0.000306,1527861589.616600,s,m,201806011359
118.070000,0.000000,1527861649.616600,b,l,201806011400
118.070000,0.000000,1527861709.616600,b,l,201806011401
118.070000,0.215000,1527861723.779900,b,l,201806011402
118.080000,0.156000,1527861724.041900,b,l,201806011402
118.090000,0.000000,1527861784.041900,b,l,201806011403
118.090000,0.165000,1527861852.231500,b,l,201806011404
118.100000,0.114000,1527861914.267500,b,l,201806011405
118.110000,0.000000,1527861974.267500,b,l,201806011406
118.110000,0.000000,1527862034.267500,b,l,201806011407
118.110000,0.000000,1527862094.267500,b,l,201806011408
118.110000,0.122000,1527862164.502600,b,l,201806011409
118.000000,0.000000,1527862224.502600,s,m,201806011410
118.000000,0.000000,1527862284.502600,s,m,201806011411
118.000000,0.000000,1527862344.502600,s,m,201806011412
118.000000,0.000000,1527862404.502600,s,m,201806011413
118.000000,0.983050,1527862459.839700,s,m,201806011414
117.810000,0.415695,1527862459.847500,s,m,201806011414
117.810000,0.001075,1527862459.850500,s,m,201806011414
118.040000,0.000000,1527862519.850500,b,m,201806011415
118.040000,0.000000,1527862579.850500,b,m,201806011416
118.040000,0.000000,1527862639.850500,b,m,201806011417
118.040000,0.000000,1527862699.850500,b,m,201806011418
118.040000,0.000000,1527862759.850500,b,m,201806011419
118.040000,0.000000,1527862819.850500,b,m,201806011420
118.040000,0.000000,1527862879.850500,b,m,201806011421
118.040000,0.000000,1527862939.850500,b,m,201806011422
118.040000,0.000000,1527862999.850500,b,m,201806011423
118.040000,0.000000,1527863059.850500,b,m,201806011424
118.040000,0.000000,1527863119.850500,b,m,201806011425
118.040000,0.000000,1527863179.850500,b,m,201806011426
118.040000,0.000000,1527863239.850500,b,m,201806011427
118.040000,0.000000,1527863299.850500,b,m,201806011428
118.040000,0.000000,1527863359.850500,b,m,201806011429
118.040000,0.000000,1527863419.850500,b,m,201806011430
118.040000,0.131000,1527863480.929200,b,m,201806011431
118.050000,0.139000,1527863480.954700,b,m,201806011431
118.070000,0.283000,1527863480.957700,b,m,201806011431
118.090000,0.156000,1527863480.960200,b,m,201806011431
118.090000,0.139000,1527863480.962800,b,m,201806011431
118.100000,0.105000,1527863480.965500,b,m,201806011431
118.110000,0.139000,1527863480.967900,b,m,201806011431
118.120000,0.165000,1527863480.971600,b,m,201806011431
118.130000,0.266000,1527863480.974200,b,m,201806011431
118.140000,0.139000,1527863480.977400,b,m,201806011431
118.140000,22.039300,1527863480.980900,b,m,201806011431
118.030000,0.000000,1527863540.980900,b,l,201806011432
118.030000,0.139000,1527863597.667000,b,l,201806011433
118.040000,0.148000,1527863602.670400,b,l,201806011433
118.140000,0.000000,1527863662.670400,b,l,201806011434
118.140000,0.100100,1527863717.243700,b,l,201806011435
118.140000,0.030900,1527863751.052100,b,l,201806011435
118.150000,0.131000,1527863751.055200,b,l,201806011435
118.150000,0.095100,1527863751.057700,b,l,201806011435
118.150000,0.026900,1527863756.390300,b,l,201806011435
118.160000,0.114000,1527863758.378400,b,l,201806011435
118.210000,0.000000,1527863818.378400,b,l,201806011436
118.210000,0.105000,1527863857.719700,b,l,201806011437
118.230000,0.051000,1527863857.723300,b,l,201806011437
118.230000,0.113000,1527863858.200700,b,l,201806011437
118.260000,0.156000,1527863858.203500,b,l,201806011437
118.290000,0.156000,1527863858.865700,b,l,201806011437
118.300000,0.100100,1527863884.071700,b,l,201806011438
118.280000,0.000000,1527863944.071700,b,l,201806011439
118.280000,0.000000,1527864004.071700,b,l,201806011440
118.280000,0.000000,1527864064.071700,b,l,201806011441
118.280000,0.000000,1527864124.071700,b,l,201806011442
118.280000,0.000000,1527864184.071700,b,l,201806011443
118.280000,0.000000,1527864244.071700,b,l,201806011444
118.280000,0.000000,1527864304.071700,b,l,201806011445
118.280000,0.000000,1527864364.071700,b,l,201806011446
118.280000,0.000000,1527864424.071700,b,l,201806011447
118.280000,0.000000,1527864484.071700,b,l,201806011448
118.280000,0.000000,1527864544.071700,b,l,201806011449
118.280000,0.000000,1527864604.071700,b,l,201806011450
118.280000,0.000000,1527864664.071700,b,l,201806011451
118.280000,0.000000,1527864724.071700,b,l,201806011452
118.280000,0.000000,1527864784.071700,b,l,201806011453
118.280000,0.000000,1527864844.071700,b,l,201806011454
118.280000,0.000000,1527864904.071700,b,l,201806011455
118.280000,0.156000,1527864984.024600,b,l,201806011456
118.300000,0.131000,1527864987.525300,b,l,201806011456
118.300000,0.856000,1527864988.685600,b,l,201806011456
118.300000,0.129898,1527864990.680900,b,l,201806011456
118.300000,0.000208,1527864990.685500,b,l,201806011456
118.300000,0.000000,1527864990.687500,b,l,201806011456
118.330000,0.000000,1527865050.687500,b,l,201806011457
118.330000,0.000000,1527865110.687500,b,l,201806011458
118.330000,0.130000,1527865162.646400,b,l,201806011459
118.340000,0.156000,1527865162.662300,b,l,201806011459
118.380000,0.308000,1527865183.794200,b,l,201806011459
118.390000,0.105000,1527865192.075700,b,l,201806011459
118.400000,0.164000,1527865198.152000,b,l,201806011459
118.400000,0.156000,1527865198.163200,b,l,201806011459
118.400000,0.139000,1527865198.165800,b,l,201806011459
118.400000,0.000000,1527865258.165800,b,l,201806011500
118.400000,0.000000,1527865318.165800,b,l,201806011501
118.400000,0.000000,1527865378.165800,b,l,201806011502
118.400000,0.000000,1527865438.165800,b,l,201806011503
118.400000,0.104251,1527865478.340700,b,l,201806011504
118.160000,0.000000,1527865538.340700,b,m,201806011505
118.160000,0.000000,1527865598.340700,b,m,201806011506
118.160000,10.000000,1527865637.052400,b,m,201806011507
118.300000,15.831174,1527865637.056400,b,m,201806011507
118.340000,11.433000,1527865637.060000,b,m,201806011507
118.350000,10.000000,1527865637.062700,b,m,201806011507
118.420000,0.113000,1527865637.065200,b,m,201806011507
118.420000,0.299000,1527865637.068100,b,m,201806011507
118.420000,0.147000,1527865637.070600,b,m,201806011507
118.420000,0.113000,1527865637.073200,b,m,201806011507
118.420000,0.105000,1527865637.075800,b,m,201806011507
118.430000,0.139000,1527865637.078300,b,m,201806011507
118.440000,0.147000,1527865637.080700,b,m,201806011507
118.440000,0.181000,1527865637.083400,b,m,201806011507
118.440000,0.421000,1527865637.086000,b,m,201806011507
118.450000,0.070826,1527865637.088600,b,m,201806011507
117.920000,8.980264,1527865668.930100,s,m,201806011507
117.920000,0.019713,1527865668.935500,s,m,201806011507
117.920000,0.000023,1527865668.937800,s,m,201806011507
117.920000,1.000000,1527865734.761900,s,l,201806011508
117.820000,15.758400,1527865734.767900,s,l,201806011508
117.810000,55.000000,1527865734.772000,s,l,201806011508
117.810000,25.580000,1527865734.775200,s,l,201806011508
117.800000,20.661600,1527865734.779400,s,l,201806011508
117.830000,5.000000,1527865748.390500,s,l,201806011509
117.830000,11.433000,1527865748.401300,s,l,201806011509
117.820000,10.000000,1527865748.404000,s,l,201806011509
117.820000,10.336000,1527865748.406700,s,l,201806011509
117.800000,10.223270,1527865752.582500,b,l,201806011509
117.800000,0.007730,1527865752.584800,b,l,201806011509
118.060000,0.000000,1527865812.584800,b,l,201806011510
118.060000,0.105000,1527865863.531800,b,l,201806011511
118.070000,0.105000,1527865870.340400,b,l,201806011511
118.080000,0.114000,1527865880.590500,b,l,201806011511
118.100000,0.122000,1527865974.948600,b,l,201806011512
118.120000,0.114000,1527865974.957900,b,l,201806011512
118.130000,0.122000,1527865979.349000,b,l,201806011512
118.140000,0.122000,1527865979.352500,b,l,201806011512
117.980000,0.000000,1527866039.352500,s,l,201806011513
117.980000,0.000000,1527866099.352500,s,l,201806011514
117.980000,0.000000,1527866159.352500,s,l,201806011515
117.980000,0.000000,1527866219.352500,s,l,201806011516
117.980000,0.142106,1527866263.710200,s,l,201806011517
117.850000,9.027635,1527866279.508700,s,l,201806011517
117.850000,1.748954,1527866289.832000,s,l,201806011518
117.850000,0.004535,1527866289.836900,s,l,201806011518
117.850000,0.000012,1527866289.839000,s,l,201806011518
117.710000,0.000000,1527866349.839000,s,m,201806011519
117.710000,0.106017,1527866436.845600,s,m,201806011520
117.710000,0.000275,1527866436.848100,s,m,201806011520
117.710000,0.000001,1527866436.850100,s,m,201806011520
117.940000,0.105000,1527866497.578000,b,l,201806011521
117.950000,0.122000,1527866497.582500,b,l,201806011521
118.070000,0.000000,1527866557.582500,b,l,201806011522
118.070000,0.000000,1527866617.582500,b,l,201806011523
118.070000,0.139000,1527866685.176300,b,l,201806011524
118.080000,0.122000,1527866698.453400,b,l,201806011524
118.150000,0.139000,1527866698.458700,b,l,201806011524
118.300000,0.164000,1527866701.263400,b,l,201806011525
118.300000,0.097000,1527866701.444600,s,l,201806011525
118.120000,0.131000,1527866722.106000,b,l,201806011525
118.120000,0.165000,1527866722.109400,b,l,201806011525
118.130000,5.000000,1527866723.905600,b,l,201806011525
118.200000,2.501000,1527866815.752000,b,l,201806011526
118.210000,0.131000,1527866816.130100,b,l,201806011526
118.220000,0.105000,1527866816.132700,b,l,201806011526
118.230000,10.000000,1527866816.135300,b,l,201806011526
118.140000,4.831200,1527866826.244800,s,l,201806011527
118.130000,0.105816,1527866826.256500,s,l,201806011527
118.140000,2.500911,1527866853.304000,b,m,201806011527
118.150000,0.498089,1527866853.319800,b,m,201806011527
118.100000,0.000000,1527866913.319800,b,m,201806011528
118.100000,0.000000,1527866973.319800,b,m,201806011529
118.100000,0.000000,1527867033.319800,b,m,201806011530
118.100000,0.000000,1527867093.319800,b,m,201806011531
118.100000,0.122000,1527867148.735900,b,m,201806011532
118.110000,0.128000,1527867148.770400,b,m,201806011532
118.040000,0.000000,1527867208.770400,s,m,201806011533
118.040000,0.000000,1527867268.770400,s,m,201806011534
118.040000,0.235393,1527867336.164100,s,m,201806011535
118.040000,0.000607,1527867336.185000,s,m,201806011535
118.100000,0.104400,1527867342.849800,b,l,201806011535
118.100000,0.017600,1527867400.235600,b,l,201806011536
118.100000,0.114000,1527867400.245000,b,l,201806011536
118.110000,0.028000,1527867400.248600,b,l,201806011536
118.110000,0.122000,1527867400.252000,b,l,201806011536
118.110000,0.131000,1527867400.258600,b,l,201806011536
118.120000,0.292000,1527867400.263100,b,l,201806011536
118.130000,0.156000,1527867400.268800,b,l,201806011536
118.140000,0.122000,1527867400.272500,b,l,201806011536
118.170000,0.105000,1527867400.275600,b,l,201806011536
118.180000,0.105000,1527867400.278900,b,l,201806011536
118.210000,0.000000,1527867460.278900,b,l,201806011537
118.210000,0.000000,1527867520.278900,b,l,201806011538
118.210000,0.139000,1527867552.477300,b,l,201806011539
118.210000,0.017000,1527867552.830500,b,l,201806011539
118.210000,0.308000,1527867552.833300,b,l,201806011539
118.220000,0.131000,1527867559.981900,b,l,201806011539
118.220000,0.008000,1527867560.068800,b,l,201806011539
118.230000,0.122000,1527867560.072000,b,l,201806011539
118.240000,0.131000,1527867560.074500,b,l,201806011539
118.250000,0.131000,1527867561.802300,b,l,201806011539
118.260000,0.122000,1527867561.805100,b,l,201806011539
118.270000,0.164000,1527867563.906500,b,l,201806011539
118.280000,0.274000,1527867563.910500,b,l,201806011539
118.300000,0.156000,1527867563.912900,b,l,201806011539
118.440000,2.086773,1527867567.572400,b,l,201806011539
118.400000,0.000000,1527867627.572400,s,l,201806011540
118.400000,0.700000,1527867713.581200,s,l,201806011541
118.390000,0.000000,1527867773.581200,b,m,201806011542
118.390000,0.000000,1527867833.581200,b,m,201806011543
118.390000,0.000000,1527867893.581200,b,m,201806011544
118.390000,0.000000,1527867953.581200,b,m,201806011545
118.390000,0.000000,1527868013.581200,b,m,201806011546
118.390000,0.439567,1527868061.746400,b,m,201806011547
118.410000,0.113000,1527868061.755400,b,m,201806011547
118.410000,0.095909,1527868061.758500,b,m,201806011547
118.420000,0.000000,1527868121.758500,b,l,201806011548
118.420000,0.000000,1527868181.758500,b,l,201806011549
118.420000,0.000000,1527868241.758500,b,l,201806011550
118.420000,0.000000,1527868301.758500,b,l,201806011551
118.420000,0.000000,1527868361.758500,b,l,201806011552
118.420000,0.000000,1527868421.758500,b,l,201806011553
118.420000,0.164000,1527868456.038000,b,l,201806011554
118.420000,0.563987,1527868456.044500,b,l,201806011554
118.360000,0.000000,1527868516.044500,b,l,201806011555
118.360000,0.000000,1527868576.044500,b,l,201806011556
118.360000,0.000000,1527868636.044500,b,l,201806011557
118.360000,0.000000,1527868696.044500,b,l,201806011558
118.360000,0.000000,1527868756.044500,b,l,201806011559
118.360000,0.000000,1527868816.044500,b,l,201806011600
118.360000,0.156000,1527868892.868400,b,l,201806011601
118.370000,0.139000,1527868892.872100,b,l,201806011601
118.390000,0.130000,1527868892.874700,b,l,201806011601
118.360000,0.156000,1527868969.328700,b,l,201806011602
118.370000,0.130000,1527868969.333800,b,l,201806011602
118.380000,0.139000,1527868972.975500,b,l,201806011602
118.380000,0.249000,1527868972.985100,b,l,201806011602
118.400000,0.147000,1527868972.987900,b,l,201806011602
118.410000,0.139000,1527868972.990500,b,l,201806011602
118.420000,0.147000,1527868972.993000,b,l,201806011602
118.430000,0.105000,1527868972.995600,b,l,201806011602
118.440000,0.139000,1527868972.998200,b,l,201806011602
118.450000,0.139000,1527868973.000700,b,l,201806011602
118.460000,9.646000,1527868973.003900,b,l,201806011602
118.100000,0.000000,1527869033.003900,s,l,201806011603
118.100000,0.000000,1527869093.003900,s,l,201806011604
118.100000,0.000000,1527869153.003900,s,l,201806011605
118.100000,0.000000,1527869213.003900,s,l,201806011606
118.100000,0.000000,1527869273.003900,s,l,201806011607
118.100000,0.000000,1527869333.003900,s,l,201806011608
118.100000,0.000000,1527869393.003900,s,l,201806011609
118.100000,190.000000,1527869451.852200,s,l,201806011610
118.050000,1.500000,1527869459.646600,s,l,201806011610
118.000000,0.000000,1527869519.646600,s,m,201806011611
118.000000,0.000000,1527869579.646600,s,m,201806011612
118.000000,0.000000,1527869639.646600,s,m,201806011613
118.000000,0.000000,1527869699.646600,s,m,201806011614
118.000000,0.000000,1527869759.646600,s,m,201806011615
118.000000,0.105541,1527869778.266800,s,m,201806011616
118.000000,0.000274,1527869778.273900,s,m,201806011616
118.000000,0.000001,1527869778.275900,s,m,201806011616
118.230000,0.000000,1527869838.275900,b,l,201806011617
118.230000,0.000000,1527869898.275900,b,l,201806011618
118.230000,0.000000,1527869958.275900,b,l,201806011619
118.230000,0.000000,1527870018.275900,b,l,201806011620
118.230000,0.000000,1527870078.275900,b,l,201806011621
118.230000,0.000000,1527870138.275900,b,l,201806011622
118.230000,0.000000,1527870198.275900,b,l,201806011623
118.230000,0.000000,1527870258.275900,b,l,201806011624
118.230000,0.000000,1527870318.275900,b,l,201806011625
118.230000,0.000000,1527870378.275900,b,l,201806011626
118.230000,0.000000,1527870438.275900,b,l,201806011627
118.230000,0.000000,1527870498.275900,b,l,201806011628
118.230000,0.000000,1527870558.275900,b,l,201806011629
118.230000,0.000000,1527870618.275900,b,l,201806011630
118.230000,0.000000,1527870678.275900,b,l,201806011631
118.230000,0.000000,1527870738.275900,b,l,201806011632
118.230000,0.000000,1527870798.275900,b,l,201806011633
118.230000,0.000000,1527870858.275900,b,l,201806011634
118.230000,0.000000,1527870918.275900,b,l,201806011635
118.230000,0.000000,1527870978.275900,b,l,201806011636
118.230000,0.000000,1527871038.275900,b,l,201806011637
118.230000,0.000000,1527871098.275900,b,l,201806011638
118.230000,0.139000,1527871167.698600,b,l,201806011639
118.230000,0.645477,1527871215.770200,s,m,201806011640
118.230000,0.001673,1527871215.773100,s,m,201806011640
118.230000,0.000000,1527871275.773100,s,l,201806011641
118.230000,0.000000,1527871335.773100,s,l,201806011642
118.230000,0.000000,1527871395.773100,s,l,201806011643
118.230000,0.000000,1527871455.773100,s,l,201806011644
118.230000,0.000000,1527871515.773100,s,l,201806011645
118.230000,0.000000,1527871575.773100,s,l,201806011646
118.230000,0.000000,1527871635.773100,s,l,201806011647
118.230000,0.000000,1527871695.773100,s,l,201806011648
118.230000,0.000000,1527871755.773100,s,l,201806011649
118.230000,0.000000,1527871815.773100,s,l,201806011650
118.230000,0.000000,1527871875.773100,s,l,201806011651
118.230000,0.000000,1527871935.773100,s,l,201806011652
118.230000,0.000000,1527871995.773100,s,l,201806011653
118.230000,0.000000,1527872055.773100,s,l,201806011654
118.230000,0.000000,1527872115.773100,s,l,201806011655
118.230000,0.000000,1527872175.773100,s,l,201806011656
118.230000,0.000000,1527872235.773100,s,l,201806011657
118.230000,0.000000,1527872295.773100,s,l,201806011658
118.230000,0.000000,1527872355.773100,s,l,201806011659
118.230000,0.405594,1527872450.910700,s,l,201806011700
118.250000,0.000000,1527872510.910700,b,m,201806011701
118.250000,0.000000,1527872570.910700,b,m,201806011702
118.250000,0.000000,1527872630.910700,b,m,201806011703
118.250000,0.164000,1527872678.577000,b,m,201806011704
118.260000,0.123752,1527872678.579900,b,m,201806011704
118.230000,0.000000,1527872738.579900,s,l,201806011705
118.230000,0.000000,1527872798.579900,s,l,201806011706
118.230000,0.000000,1527872858.579900,s,l,201806011707
118.230000,0.000000,1527872918.579900,s,l,201806011708
118.230000,0.497750,1527872948.429800,s,l,201806011709
118.230000,2.434200,1527873015.689000,s,l,201806011710
118.260000,0.000000,1527873075.689000,b,l,201806011711
118.260000,0.000000,1527873135.689000,b,l,201806011712
118.260000,0.000000,1527873195.689000,b,l,201806011713
118.260000,0.000000,1527873255.689000,b,l,201806011714
118.260000,0.000000,1527873315.689000,b,l,201806011715
118.260000,0.000000,1527873375.689000,b,l,201806011716
118.260000,0.000000,1527873435.689000,b,l,201806011717
118.260000,0.000000,1527873495.689000,b,l,201806011718
118.260000,0.000000,1527873555.689000,b,l,201806011719
118.260000,0.000000,1527873615.689000,b,l,201806011720
118.260000,0.040248,1527873700.180800,b,l,201806011721
118.270000,0.000000,1527873760.180800,b,l,201806011722
118.270000,0.122000,1527873809.407900,b,l,201806011723
118.400000,0.000000,1527873869.407900,b,l,201806011724
118.400000,0.000000,1527873929.407900,b,l,201806011725
118.400000,0.000000,1527873989.407900,b,l,201806011726
118.400000,0.000000,1527874049.407900,b,l,201806011727
118.400000,0.164000,1527874130.498300,b,l,201806011728
118.410000,0.147000,1527874130.511600,b,l,201806011728
118.440000,0.147000,1527874130.514100,b,l,201806011728
118.450000,0.164000,1527874130.516500,b,l,201806011728
118.460000,0.113000,1527874130.519000,b,l,201806011728
118.480000,10.000000,1527874130.521400,b,l,201806011728
118.480000,0.105000,1527874130.523900,b,l,201806011728
118.500000,0.147000,1527874130.526300,b,l,201806011728
118.500000,30.750000,1527874131.931200,s,l,201806011728
118.500000,23.990000,1527874131.940200,s,l,201806011728
118.500000,31.150000,1527874135.346200,s,l,201806011728
118.500000,31.150000,1527874138.363200,s,l,201806011728
118.510000,0.000000,1527874198.363200,b,l,201806011729
118.510000,0.000000,1527874258.363200,b,l,201806011730
118.510000,0.000000,1527874318.363200,b,l,201806011731
118.510000,0.000000,1527874378.363200,b,l,201806011732
118.510000,0.000000,1527874438.363200,b,l,201806011733
118.510000,0.000000,1527874498.363200,b,l,201806011734
118.510000,0.000000,1527874558.363200,b,l,201806011735
118.510000,0.000000,1527874618.363200,b,l,201806011736
118.510000,0.000000,1527874678.363200,b,l,201806011737
118.510000,0.000000,1527874738.363200,b,l,201806011738
118.510000,0.000000,1527874798.363200,b,l,201806011739
118.510000,0.000000,1527874858.363200,b,l,201806011740
118.510000,0.000000,1527874918.363200,b,l,201806011741
118.510000,0.000000,1527874978.363200,b,l,201806011742
118.510000,0.000000,1527875038.363200,b,l,201806011743
118.510000,0.156000,1527875070.882500,b,l,201806011744
118.510000,0.031513,1527875070.888100,b,l,201806011744
118.510000,0.000000,1527875130.888100,b,l,201806011745
118.510000,0.115487,1527875191.979400,b,l,201806011746
118.510000,0.147000,1527875191.985000,b,l,201806011746
118.510000,0.291000,1527875191.988400,b,l,201806011746
118.510000,0.164000,1527875191.991400,b,l,201806011746
118.520000,0.307000,1527875191.995800,b,l,201806011746
118.530000,0.156000,1527875191.999000,b,l,201806011746
118.540000,0.105000,1527875192.002200,b,l,201806011746
118.600000,0.181000,1527875194.203300,s,l,201806011746
118.600000,6.340000,1527875211.639600,s,l,201806011746
118.600000,0.200000,1527875230.380600,s,l,201806011747
118.610000,0.113000,1527875244.757400,b,l,201806011747
118.610000,1.385843,1527875244.778200,b,l,201806011747
118.600000,1.947840,1527875266.294900,s,l,201806011747
118.610000,0.000000,1527875326.294900,b,l,201806011748
118.610000,8.614157,1527875359.770600,b,l,201806011749
118.610000,0.122000,1527875359.778700,b,l,201806011749
118.610000,26.678000,1527875359.781700,b,l,201806011749
118.640000,14.915756,1527875359.784600,b,l,201806011749
118.650000,6.337115,1527875359.787600,b,l,201806011749
118.450000,0.000000,1527875419.787600,b,m,201806011750
118.450000,0.000000,1527875479.787600,b,m,201806011751
118.450000,0.000000,1527875539.787600,b,m,201806011752
118.450000,0.000000,1527875599.787600,b,m,201806011753
118.450000,0.000000,1527875659.787600,b,m,201806011754
118.450000,0.000000,1527875719.787600,b,m,201806011755
118.450000,3.454057,1527875801.374700,b,m,201806011756
118.230000,0.000000,1527875861.374700,s,m,201806011757
118.230000,0.000000,1527875921.374700,s,m,201806011758
118.230000,0.232216,1527875989.450300,s,m,201806011759
118.230000,0.214966,1527875989.463800,s,m,201806011759
118.230000,0.000557,1527875989.466000,s,m,201806011759
118.230000,0.000001,1527875989.468200,s,m,201806011759
118.160000,0.000000,1527876049.468200,s,l,201806011800
118.160000,0.000000,1527876109.468200,s,l,201806011801
118.160000,5.000000,1527876171.692700,s,l,201806011802
118.100000,4.258732,1527876171.696200,s,l,201806011802
118.230000,0.000000,1527876231.696200,s,l,201806011803
118.230000,0.000000,1527876291.696200,s,l,201806011804
118.230000,0.112492,1527876321.804300,s,l,201806011805
118.200000,4.887508,1527876324.120100,s,l,201806011805
118.110000,5.256176,1527876328.243700,s,l,201806011805
118.110000,5.022222,1527876329.175600,s,l,201806011805
118.110000,0.112492,1527876330.280900,s,l,201806011805
118.150000,0.113000,1527876338.328100,s,l,201806011805
118.310000,0.000000,1527876398.328100,b,l,201806011806
118.310000,0.000000,1527876458.328100,b,l,201806011807
118.310000,0.000000,1527876518.328100,b,l,201806011808
118.310000,0.105000,1527876548.020700,b,l,201806011809
118.330000,0.062971,1527876548.025800,b,l,201806011809
118.290000,0.000000,1527876608.025800,b,m,201806011810
118.290000,0.000000,1527876668.025800,b,m,201806011811
118.290000,0.000000,1527876728.025800,b,m,201806011812
118.290000,0.000000,1527876788.025800,b,m,201806011813
118.290000,0.000000,1527876848.025800,b,m,201806011814
118.290000,0.000000,1527876908.025800,b,m,201806011815
118.290000,0.000000,1527876968.025800,b,m,201806011816
118.290000,1.923634,1527877038.871900,b,m,201806011817
118.180000,4.013880,1527877053.948600,s,m,201806011817
118.180000,0.010409,1527877053.954500,s,m,201806011817
118.180000,0.000021,1527877053.956800,s,m,201806011817
118.280000,5.000000,1527877100.594600,s,l,201806011818
118.110000,2.363446,1527877125.022900,s,l,201806011818
118.110000,10.000000,1527877125.027200,s,l,201806011818
118.100000,55.000000,1527877125.029800,s,l,201806011818
118.090000,2.705262,1527877135.378000,b,l,201806011818
118.100000,3.909294,1527877135.394500,b,l,201806011818
118.190000,2.705262,1527877152.638700,s,l,201806011819
118.150000,23.990000,1527877152.667500,s,l,201806011819
118.080000,55.000000,1527877152.670600,s,l,201806011819
118.080000,10.000000,1527877152.673100,s,l,201806011819
118.070000,10.000000,1527877152.675700,s,l,201806011819
118.000000,5.200000,1527877152.678800,s,l,201806011819
117.990000,183.528000,1527877152.681800,s,l,201806011819
117.980000,48.000000,1527877152.684600,s,l,201806011819
117.980000,23.990000,1527877153.983400,b,l,201806011819
117.980000,0.180000,1527877156.933100,b,l,201806011819
117.980000,5.557894,1527877158.777200,b,l,201806011819
117.980000,25.350000,1527877159.025900,b,l,201806011819
117.980000,35.535161,1527877159.489900,b,l,201806011819
118.320000,0.000000,1527877219.489900,b,l,201806011820
118.320000,0.000000,1527877279.489900,b,l,201806011821
118.320000,0.114000,1527877358.640100,b,l,201806011822
118.330000,0.051029,1527877404.363100,b,l,201806011823
118.340000,0.164000,1527877404.367400,b,l,201806011823
118.350000,0.139000,1527877404.369900,b,l,201806011823
118.360000,0.105000,1527877404.372300,b,l,201806011823
118.370000,0.114000,1527877404.374900,b,l,201806011823
118.380000,0.240000,1527877404.377400,b,l,201806011823
118.390000,0.114000,1527877404.380300,b,l,201806011823
118.390000,0.164000,1527877404.382900,b,l,201806011823
118.400000,0.105000,1527877404.385400,b,l,201806011823
118.410000,0.139000,1527877404.388000,b,l,201806011823
118.420000,3.781904,1527877404.391100,b,l,201806011823
118.280000,0.000000,1527877464.391100,b,l,201806011824
118.280000,0.000000,1527877524.391100,b,l,201806011825
118.280000,0.000000,1527877584.391100,b,l,201806011826
118.280000,2.705262,1527877628.489100,b,l,201806011827
118.290000,5.000000,1527877640.851000,b,l,201806011827
118.310000,1.086437,1527877680.489700,b,l,201806011828
118.310000,0.000000,1527877740.489700,b,l,201806011829
118.310000,0.000000,1527877800.489700,b,l,201806011830
118.310000,0.000000,1527877860.489700,b,l,201806011831
118.310000,6.210812,1527877952.156000,b,l,201806011832
118.280000,0.000000,1527878012.156000,s,l,201806011833
118.280000,0.000000,1527878072.156000,s,l,201806011834
118.280000,0.000000,1527878132.156000,s,l,201806011835
118.280000,0.000000,1527878192.156000,s,l,201806011836
118.280000,0.938500,1527878246.588200,s,l,201806011837
118.300000,3.544901,1527878265.352300,b,l,201806011837
118.310000,0.131000,1527878292.521200,b,l,201806011838
118.320000,0.147000,1527878292.530400,b,l,201806011838
118.330000,0.147000,1527878292.533000,b,l,201806011838
118.340000,0.164000,1527878292.535500,b,l,201806011838
118.360000,0.164000,1527878292.538300,b,l,201806011838
118.370000,0.156000,1527878292.540700,b,l,201806011838
118.380000,0.223000,1527878292.543100,b,l,201806011838
118.390000,0.156000,1527878292.545600,b,l,201806011838
118.400000,0.147000,1527878292.548400,b,l,201806011838
118.410000,0.130000,1527878292.550900,b,l,201806011838
118.410000,0.733668,1527878292.553400,b,l,201806011838
118.310000,0.000000,1527878352.553400,b,l,201806011839
118.310000,0.000000,1527878412.553400,b,l,201806011840
118.310000,0.000000,1527878472.553400,b,l,201806011841
118.310000,0.114000,1527878557.225400,b,l,201806011842
118.310000,7.159380,1527878557.231700,b,l,201806011842
118.160000,0.118981,1527878569.610700,s,l,201806011842
118.190000,0.000000,1527878629.610700,s,l,201806011843
118.190000,0.000000,1527878689.610700,s,l,201806011844
118.190000,0.380619,1527878706.944200,s,l,201806011845
118.310000,0.000000,1527878766.944200,b,l,201806011846
118.310000,0.139000,1527878844.225300,b,l,201806011847
118.330000,0.240000,1527878870.355900,b,l,201806011847
118.340000,0.130000,1527878870.364000,b,l,201806011847
118.350000,0.114000,1527878870.366600,b,l,201806011847
118.360000,0.139000,1527878870.369100,b,l,201806011847
118.370000,0.139000,1527878870.371500,b,l,201806011847
118.380000,0.139000,1527878870.374200,b,l,201806011847
118.390000,0.139000,1527878870.376900,b,l,201806011847
118.400000,0.105000,1527878870.379500,b,l,201806011847
118.410000,0.122000,1527878870.382000,b,l,201806011847
118.490000,1.000998,1527878936.870000,b,l,201806011848
118.510000,3.252350,1527878936.877900,b,l,201806011848
118.430000,0.000000,1527878996.877900,s,l,201806011849
118.430000,0.000000,1527879056.877900,s,l,201806011850
118.430000,0.000000,1527879116.877900,s,l,201806011851
118.430000,2.389200,1527879122.978500,s,l,201806011852
118.460000,0.595000,1527879137.374600,s,l,201806011852
118.490000,4.931715,1527879168.317500,s,l,201806011852
118.100000,0.000000,1527879228.317500,s,l,201806011853
118.100000,12.579318,1527879266.092800,s,l,201806011854
117.950000,0.000000,1527879326.092800,s,m,201806011855
117.950000,10.340176,1527879390.130900,s,m,201806011856
117.950000,0.016518,1527879390.137100,s,m,201806011856
117.950000,0.000026,1527879390.140000,s,m,201806011856
118.120000,5.137892,1527879408.154900,s,l,201806011856
118.170000,0.000000,1527879468.154900,s,l,201806011857
118.170000,0.000000,1527879528.154900,s,l,201806011858
118.170000,0.000000,1527879588.154900,s,l,201806011859
118.170000,0.000000,1527879648.154900,s,l,201806011900
118.170000,0.000000,1527879708.154900,s,l,201806011901
118.170000,1.032900,1527879745.181700,s,l,201806011902
118.280000,5.948786,1527879755.930100,b,l,201806011902
118.220000,0.000000,1527879815.930100,b,l,201806011903
118.220000,0.000000,1527879875.930100,b,l,201806011904
118.220000,0.000000,1527879935.930100,b,l,201806011905
118.220000,0.000000,1527879995.930100,b,l,201806011906
118.220000,0.114000,1527880031.574500,b,l,201806011907
118.240000,0.114000,1527880034.481000,s,l,201806011907
118.280000,0.131000,1527880048.476800,b,l,201806011907
118.290000,0.164000,1527880112.856400,b,l,201806011908
118.290000,7.078342,1527880112.863300,b,l,201806011908
118.280000,0.000000,1527880172.863300,s,l,201806011909
118.280000,0.000000,1527880232.863300,s,l,201806011910
118.280000,0.000000,1527880292.863300,s,l,201806011911
118.280000,7.158466,1527880341.207100,s,l,201806011912
118.290000,0.000000,1527880401.207100,b,l,201806011913
118.290000,0.000000,1527880461.207100,b,l,201806011914
118.290000,0.000000,1527880521.207100,b,l,201806011915
118.290000,0.000000,1527880581.207100,b,l,201806011916
118.290000,0.139000,1527880646.107200,b,l,201806011917
118.300000,8.474096,1527880696.928500,b,l,201806011918
118.290000,0.000000,1527880756.928500,s,l,201806011919
118.290000,0.000000,1527880816.928500,s,l,201806011920
118.290000,6.025316,1527880915.325400,s,l,201806011921
118.280000,8.390466,1527880915.329100,s,l,201806011921
118.270000,0.167447,1527880915.578900,b,m,201806011921
118.290000,6.025316,1527880920.625200,s,l,201806011922
118.290000,0.000000,1527880980.625200,s,l,201806011923
118.290000,0.000000,1527881040.625200,s,l,201806011924
118.290000,0.000000,1527881100.625200,s,l,201806011925
118.290000,0.000000,1527881160.625200,s,l,201806011926
118.290000,10.217647,1527881249.253100,s,l,201806011927
118.300000,3.500000,1527881277.637200,b,l,201806011927
118.240000,0.000000,1527881337.637200,s,l,201806011928
118.240000,0.000000,1527881397.637200,s,l,201806011929
118.240000,0.000000,1527881457.637200,s,l,201806011930
118.240000,11.034835,1527881513.637300,s,l,201806011931
118.230000,7.824525,1527881514.448000,b,l,201806011931
118.290000,0.000000,1527881574.448000,b,l,201806011932
118.290000,0.122000,1527881597.086800,b,l,201806011933
118.290000,10.000000,1527881597.090500,b,l,201806011933
118.300000,19.878000,1527881597.093600,b,l,201806011933
118.300000,0.000000,1527881657.093600,b,l,201806011934
118.300000,0.000000,1527881717.093600,b,l,201806011935
118.300000,0.000000,1527881777.093600,b,l,201806011936
118.300000,12.459952,1527881863.363800,b,l,201806011937
118.300000,0.000000,1527881923.363800,b,l,201806011938
118.300000,11.271528,1527881979.550800,b,l,201806011939
118.300000,0.384700,1527881980.402200,b,l,201806011939
118.300000,1.809440,1527881980.431000,b,l,201806011939
118.300000,0.949000,1527881982.589300,b,l,201806011939
118.300000,18.879087,1527881982.619800,b,l,201806011939
118.300000,24.071812,1527881983.308000,b,l,201806011939
118.300000,44.276700,1527881990.784700,b,l,201806011939
118.300000,1.072072,1527881995.038400,b,l,201806011939
118.300000,0.000000,1527882055.038400,b,l,201806011940
118.300000,1.086825,1527882063.410700,b,l,201806011941
118.300000,0.105664,1527882091.276100,b,l,201806011941
118.300000,5.038590,1527882097.256200,b,l,201806011941
118.300000,12.780140,1527882105.602300,b,l,201806011941
118.300000,11.281325,1527882158.260300,b,l,201806011942
118.300000,12.670932,1527882167.964600,b,l,201806011942
118.300000,0.010129,1527882167.968400,b,l,201806011942
118.300000,0.000008,1527882167.970700,b,l,201806011942
118.300000,0.156000,1527882167.973200,b,l,201806011942
118.300000,0.105000,1527882167.975800,b,l,201806011942
118.330000,0.333000,1527882193.459900,b,l,201806011943
118.490000,0.000000,1527882253.459900,b,l,201806011944
118.490000,0.000000,1527882313.459900,b,l,201806011945
118.490000,0.000000,1527882373.459900,b,l,201806011946
118.490000,0.105000,1527882435.467500,b,l,201806011947
118.490000,7.607135,1527882455.439900,b,l,201806011947
118.480000,0.000000,1527882515.439900,b,l,201806011948
118.480000,0.232000,1527882593.906100,b,l,201806011949
118.500000,0.000000,1527882653.906100,b,l,201806011950
118.500000,0.000000,1527882713.906100,b,l,201806011951
118.500000,0.399361,1527882761.631500,b,l,201806011952
118.500000,0.000638,1527882761.642700,b,l,201806011952
118.500000,0.000001,1527882761.644700,b,l,201806011952
118.500000,10.000000,1527882761.647400,b,l,201806011952
118.610000,9.181433,1527882786.276600,b,l,201806011953
118.610000,0.818567,1527882846.181000,b,l,201806011954
118.620000,0.113000,1527882846.185500,b,l,201806011954
118.630000,0.113000,1527882846.188300,b,l,201806011954
118.640000,0.122000,1527882847.970400,b,l,201806011954
118.650000,0.155000,1527882852.506600,b,l,201806011954
118.660000,0.155000,1527882855.252200,b,l,201806011954
118.660000,0.155000,1527882855.427800,s,l,201806011954
118.670000,0.147000,1527882859.558000,b,l,201806011954
118.670000,4.266433,1527882859.566800,b,l,201806011954
118.540000,0.000000,1527882919.566800,s,m,201806011955
118.540000,0.804804,1527883011.817900,s,m,201806011956
118.540000,0.002086,1527883011.821200,s,m,201806011956
118.590000,5.000000,1527883064.152700,b,l,201806011957
118.630000,0.139000,1527883064.160600,b,l,201806011957
118.640000,0.105000,1527883108.803600,b,l,201806011958
118.650000,0.105000,1527883108.807800,b,l,201806011958
118.660000,0.130000,1527883108.810900,b,l,201806011958
118.670000,5.733567,1527883108.814700,b,l,201806011958
118.670000,0.130000,1527883108.818700,b,l,201806011958
118.680000,0.164000,1527883108.822700,b,l,201806011958
118.690000,0.147000,1527883108.825900,b,l,201806011958
118.700000,0.122000,1527883108.828800,b,l,201806011958
118.720000,0.122000,1527883108.831900,b,l,201806011958
118.730000,0.122000,1527883108.836900,b,l,201806011958
118.750000,2.682654,1527883111.740000,s,l,201806011958
118.630000,0.000000,1527883171.740000,b,l,201806011959
118.630000,0.000000,1527883231.740000,b,l,201806012000
118.630000,0.147000,1527883308.853300,b,l,201806012001
118.670000,0.147000,1527883308.856500,b,l,201806012001
118.680000,0.130000,1527883308.859200,b,l,201806012001
118.710000,0.155000,1527883308.861800,b,l,201806012001
118.730000,0.164000,1527883308.864300,b,l,201806012001
118.750000,0.147000,1527883308.866900,b,l,201806012001
118.760000,0.025966,1527883308.869400,b,l,201806012001
118.590000,13.970616,1527883326.987300,s,m,201806012002
118.590000,0.029384,1527883326.990700,s,m,201806012002
118.670000,0.139000,1527883393.760500,b,l,201806012003
118.700000,0.113000,1527883393.767300,b,l,201806012003
118.710000,0.138000,1527883393.769800,b,l,201806012003
118.720000,0.147000,1527883393.772300,b,l,201806012003
118.740000,0.130000,1527883393.775000,b,l,201806012003
118.750000,0.332000,1527883393.777500,b,l,201806012003
118.580000,0.168114,1527883403.622300,b,l,201806012003
118.760000,0.129034,1527883403.652400,b,l,201806012003
118.760000,1.825308,1527883403.655700,b,l,201806012003
118.690000,0.623713,1527883415.485900,b,l,201806012003
118.640000,0.000000,1527883475.485900,b,m,201806012004
118.640000,0.000000,1527883535.485900,b,m,201806012005
118.640000,10.000000,1527883587.999800,b,m,201806012006
118.680000,0.164000,1527883588.004100,b,m,201806012006
118.710000,0.147000,1527883588.007300,b,m,201806012006
118.720000,0.122000,1527883588.010500,b,m,201806012006
118.730000,0.164000,1527883588.013500,b,m,201806012006
118.740000,0.113000,1527883588.016400,b,m,201806012006
118.740000,16.956428,1527883588.020200,b,m,201806012006
118.750000,0.172000,1527883588.023300,b,m,201806012006
118.750000,1.996805,1527883588.027100,b,m,201806012006
118.750000,0.003190,1527883588.029500,b,m,201806012006
118.750000,0.000005,1527883588.031900,b,m,201806012006
118.750000,12.161572,1527883588.035000,b,m,201806012006
118.600000,0.155000,1527883644.504900,b,l,201806012007
118.600000,0.113000,1527883644.508800,b,l,201806012007
118.610000,0.122000,1527883644.511400,b,l,201806012007
118.610000,0.113000,1527883644.513900,b,l,201806012007
118.610000,0.130000,1527883661.910300,b,l,201806012007
118.620000,0.257000,1527883661.924000,b,l,201806012007
118.620000,0.155000,1527883661.927100,b,l,201806012007
118.630000,0.139000,1527883661.929600,b,l,201806012007
118.630000,0.130000,1527883664.539700,s,l,201806012007
118.640000,10.000000,1527883691.491300,b,l,201806012008
118.640000,0.155000,1527883691.496800,b,l,201806012008
118.700000,0.155000,1527883691.499600,b,l,201806012008
118.710000,0.164000,1527883691.502000,b,l,201806012008
118.720000,0.113000,1527883691.504400,b,l,201806012008
118.730000,0.105000,1527883691.507100,b,l,201806012008
118.740000,0.164000,1527883691.509700,b,l,201806012008
118.750000,1.349349,1527883691.512200,b,l,201806012008
118.760000,3.250687,1527883691.514800,b,l,201806012008
118.440000,0.000000,1527883751.514800,s,m,201806012009
118.440000,0.000000,1527883811.514800,s,m,201806012010
