price,qty,timestamp,bs,ml,bucket
7485.200000,0.477907,1527825606.512900,s,m,201806010400
7485.200000,0.006223,1527825606.529900,s,m,201806010400
7485.200000,0.015870,1527825606.532500,s,m,201806010400
7481.500000,0.500000,1527825606.535400,s,m,201806010400
7480.500000,0.013368,1527825666.964400,s,m,201806010401
7475.700000,0.105948,1527825666.976500,s,m,201806010401
7475.500000,0.880684,1527825666.979900,s,m,201806010401
7475.600000,0.013655,1527825683.982600,s,l,201806010401
7481.800000,0.028174,1527825699.033800,b,m,201806010401
7481.900000,0.078826,1527825699.043400,b,m,201806010401
7476.000000,0.018038,1527825700.249600,s,l,201806010401
7476.300000,0.018967,1527825740.619500,b,l,201806010402
7481.500000,0.014027,1527825740.623500,b,l,201806010402
7475.500000,0.248754,1527825756.469000,s,l,201806010402
7475.500000,1.000000,1527825757.231700,s,m,201806010402
7475.500000,0.082899,1527825761.864000,s,l,201806010402
7475.500000,0.157253,1527825764.563400,s,l,201806010402
7475.500000,0.026891,1527825785.164900,s,l,201806010403
7475.500000,0.113403,1527825789.741800,s,l,201806010403
7475.500000,0.250000,1527825815.576700,s,m,201806010403
7475.500000,0.250000,1527825815.583400,s,m,201806010403
7475.500000,0.677450,1527825824.578200,s,m,201806010403
7475.500000,0.259904,1527825826.305800,s,l,201806010403
7475.500000,0.807087,1527825831.806800,s,l,201806010403
7475.500000,0.236927,1527825834.326500,s,l,201806010403
7475.500000,0.213592,1527825834.343700,s,l,201806010403
7475.500000,0.304590,1527825834.892000,s,l,201806010403
7475.500000,2.410000,1527825835.696300,s,l,201806010403
7475.500000,0.085736,1527825836.540900,s,l,201806010403
7475.500000,0.086126,1527825836.848300,s,l,201806010403
7475.500000,0.766763,1527825838.097400,s,l,201806010403
7475.500000,8.162718,1527825838.948100,s,l,201806010403
7475.500000,0.009280,1527825838.952200,s,l,201806010403
7475.500000,1.000000,1527825838.955500,s,l,201806010403
7475.500000,4.186000,1527825838.958700,s,l,201806010403
7475.500000,0.079200,1527825838.961900,s,l,201806010403
7475.500000,0.223600,1527825838.965300,s,l,201806010403
7475.500000,0.004100,1527825838.968600,s,l,201806010403
7475.500000,4.186000,1527825838.971800,s,l,201806010403
7475.500000,1.000000,1527825838.975500,s,l,201806010403
7475.500000,4.186000,1527825838.978700,s,l,201806010403
7475.500000,0.134001,1527825838.981700,s,l,201806010403
7475.500000,0.223600,1527825838.984800,s,l,201806010403
7475.500000,1.000000,1527825838.988300,s,l,201806010403
7475.500000,0.002010,1527825838.991400,s,l,201806010403
7475.500000,0.300000,1527825838.994700,s,l,201806010403
7475.500000,0.158772,1527825838.997800,s,l,201806010403
7475.500000,0.000247,1527825839.000800,s,l,201806010403
7475.500000,3.135346,1527825839.004000,s,l,201806010403
7475.500000,3.251067,1527825839.007800,s,l,201806010403
7466.600000,2.621930,1527825839.011400,s,l,201806010403
7463.700000,0.005302,1527825839.014100,s,l,201806010403
7463.400000,1.130827,1527825839.017400,s,l,201806010403
7468.900000,0.397262,1527825860.404500,b,l,201806010404
7473.500000,0.015870,1527825863.395100,b,l,201806010404
7473.500000,0.484130,1527825863.401000,b,l,201806010404
7475.400000,0.315655,1527825863.404000,b,l,201806010404
7475.500000,2.774345,1527825863.407100,b,l,201806010404
7473.400000,0.017062,1527825864.901700,b,l,201806010404
7475.500000,2.225655,1527825864.904900,b,l,201806010404
7480.200000,0.050000,1527825870.832500,b,l,201806010404
7480.200000,1.110000,1527825877.325900,b,m,201806010404
7481.500000,0.115582,1527825931.228000,s,l,201806010405
7480.100000,0.013369,1527825947.129600,s,l,201806010405
7479.400000,0.899327,1527825955.412000,b,l,201806010405
7482.500000,0.010820,1527825955.419200,b,l,201806010405
7483.500000,0.004011,1527825955.422500,b,l,201806010405
7483.800000,1.000000,1527825955.425100,b,l,201806010405
7483.800000,0.990842,1527825955.427700,b,l,201806010405
7479.500000,0.012209,1527825956.572400,s,l,201806010405
7483.900000,0.006999,1527825969.437000,b,m,201806010406
7484.300000,0.006987,1527825969.440600,b,m,201806010406
7490.500000,0.053014,1527825969.443000,b,m,201806010406
7482.700000,0.048073,1527826017.222100,s,m,201806010406
7478.100000,0.000000,1527826077.222100,b,l,201806010407
7478.100000,0.005200,1527826123.263400,b,l,201806010408
7478.800000,0.000000,1527826183.263400,s,l,201806010409
7478.800000,0.040100,1527826238.410700,s,l,201806010410
7478.200000,0.002812,1527826294.673700,s,l,201806010411
7478.200000,0.028388,1527826294.680400,s,l,201806010411
7483.100000,0.000000,1527826354.680400,b,m,201806010412
7483.100000,0.193517,1527826383.596400,b,m,201806010413
7487.700000,0.072246,1527826383.718800,b,m,201806010413
7478.200000,0.000575,1527826449.203100,s,m,201806010414
7478.200000,0.001499,1527826449.212200,s,m,201806010414
7487.600000,0.000000,1527826509.212200,b,m,201806010415
7487.600000,0.004721,1527826565.162600,b,m,201806010416
7487.800000,0.995279,1527826565.305400,b,m,201806010416
7486.800000,0.000000,1527826625.305400,b,m,201806010417
7486.800000,0.000000,1527826685.305400,b,m,201806010418
7486.800000,0.150000,1527826745.692900,b,m,201806010419
7486.800000,0.850000,1527826747.688800,b,l,201806010419
7488.400000,0.309759,1527826781.309100,b,m,201806010419
7488.400000,0.690241,1527826781.315000,b,m,201806010419
7488.400000,0.241471,1527826781.317800,b,m,201806010419
7490.300000,0.508529,1527826781.321700,b,m,201806010419
7488.300000,0.150000,1527826794.178200,s,l,201806010419
7487.800000,0.000000,1527826854.178200,b,l,201806010420
7487.800000,0.500000,1527826874.230600,b,l,201806010421
7487.900000,1.000000,1527826874.246800,b,l,201806010421
7488.400000,1.000000,1527826874.250200,b,l,201806010421
7490.300000,0.491471,1527826874.252900,b,l,201806010421
7490.900000,2.790000,1527826874.255600,b,l,201806010421
7493.000000,1.146049,1527826874.258800,b,l,201806010421
7493.000000,0.000908,1527826874.261600,b,l,201806010421
7495.900000,0.005302,1527826874.264300,b,l,201806010421
7496.200000,2.477000,1527826874.267400,b,l,201806010421
7496.300000,4.500000,1527826874.270700,b,l,201806010421
7496.600000,1.000000,1527826874.272900,b,l,201806010421
7496.800000,1.745627,1527826874.276100,b,l,201806010421
7498.700000,0.102054,1527826874.278800,b,l,201806010421
7498.800000,0.937757,1527826874.281800,b,l,201806010421
7498.800000,0.131649,1527826874.283900,b,l,201806010421
7498.800000,2.172182,1527826874.286000,b,l,201806010421
7487.800000,0.003000,1527826926.807500,b,l,201806010422
7487.200000,0.200000,1527826942.566200,b,m,201806010422
7483.000000,1.000000,1527826975.810000,s,l,201806010422
7481.000000,0.800000,1527826975.841400,s,l,201806010422
7480.400000,0.963080,1527826975.844400,s,l,201806010422
7480.300000,0.484130,1527826975.847900,s,l,201806010422
7480.300000,0.015870,1527826975.851900,s,l,201806010422
7480.200000,0.100000,1527826975.854800,s,l,201806010422
7480.200000,1.000000,1527826975.857500,s,l,201806010422
7479.000000,0.000000,1527827035.857500,s,m,201806010423
7479.000000,0.000575,1527827051.173000,s,m,201806010424
7479.000000,0.001488,1527827051.198600,s,m,201806010424
7479.000000,0.070000,1527827063.894100,s,l,201806010424
7480.000000,0.636920,1527827083.482000,b,l,201806010424
7489.300000,0.029533,1527827083.492100,b,l,201806010424
7490.300000,1.000000,1527827083.495400,b,l,201806010424
7491.400000,1.000000,1527827083.498000,b,l,201806010424
7493.100000,1.000000,1527827083.500600,b,l,201806010424
7493.200000,1.300000,1527827083.503100,b,l,201806010424
7494.300000,1.000000,1527827083.505700,b,l,201806010424
7497.200000,2.100000,1527827083.508100,b,l,201806010424
7497.900000,1.047376,1527827083.512600,b,l,201806010424
7500.000000,0.050000,1527827083.516200,b,l,201806010424
7500.000000,0.836170,1527827084.014600,s,l,201806010424
7487.400000,0.000000,1527827144.014600,b,l,201806010425
7487.400000,1.000000,1527827177.198900,b,l,201806010426
7490.400000,1.000000,1527827177.499400,b,l,201806010426
7491.800000,0.003000,1527827178.449200,b,l,201806010426
7495.800000,1.000000,1527827178.453200,b,l,201806010426
7495.900000,0.979006,1527827178.456000,b,l,201806010426
7496.600000,0.663830,1527827178.458900,b,l,201806010426
7500.500000,1.000000,1527827178.461500,b,l,201806010426
7500.500000,0.027910,1527827178.464800,b,l,201806010426
7500.600000,2.000000,1527827178.467600,b,l,201806010426
7501.100000,4.511000,1527827178.470700,b,l,201806010426
7504.000000,4.000000,1527827178.474100,b,l,201806010426
7504.100000,1.000000,1527827178.476400,b,l,201806010426
7504.500000,4.500000,1527827178.479800,b,l,201806010426
7504.700000,2.729900,1527827178.483000,b,l,201806010426
7506.200000,0.800000,1527827178.485300,b,l,201806010426
7508.500000,3.360000,1527827178.488100,b,l,201806010426
7508.600000,7.062000,1527827178.490400,b,l,201806010426
7508.600000,4.363354,1527827178.493000,b,l,201806010426
7482.600000,0.000000,1527827238.493000,b,l,201806010427
7482.600000,0.000000,1527827298.493000,b,l,201806010428
7482.600000,0.000000,1527827358.493000,b,l,201806010429
7482.600000,0.045000,1527827444.942700,b,l,201806010430
7482.700000,0.185200,1527827466.593700,s,l,201806010431
7482.700000,0.030838,1527827468.561300,s,l,201806010431
7482.900000,0.014657,1527827528.379600,s,l,201806010432
7483.200000,0.230700,1527827564.753900,s,l,201806010432
7482.900000,0.000000,1527827624.753900,s,m,201806010433
7482.900000,0.003000,1527827642.647400,s,m,201806010434
7482.900000,0.547000,1527827642.661300,s,m,201806010434
7482.700000,0.008556,1527827723.362200,s,l,201806010435
7483.200000,0.011631,1527827765.728800,s,m,201806010436
7483.200000,0.000019,1527827765.735800,s,m,201806010436
7479.900000,0.050000,1527827849.360200,s,l,201806010437
7480.000000,0.022027,1527827867.980700,b,l,201806010437
7480.200000,0.020696,1527827867.984800,b,l,201806010437
7478.500000,0.260000,1527827919.117500,s,m,201806010438
7478.400000,0.740000,1527827919.128500,s,m,201806010438
7476.700000,0.000000,1527827979.128500,s,l,201806010439
7476.700000,0.015870,1527828009.691800,s,l,201806010440
7476.700000,0.039706,1527828059.547800,s,l,201806010440
7472.800000,0.110294,1527828059.553600,s,l,201806010440
7473.500000,0.004345,1527828081.518900,b,l,201806010441
7473.500000,0.091000,1527828081.566300,b,l,201806010441
7476.600000,0.027314,1527828098.758800,s,l,201806010441
7476.600000,0.026900,1527828108.052600,s,l,201806010441
7476.600000,0.004900,1527828151.593300,s,l,201806010442
7476.900000,0.017123,1527828168.120100,b,l,201806010442
7481.400000,0.012600,1527828168.147500,b,l,201806010442
7481.500000,0.309061,1527828168.150200,b,l,201806010442
7485.400000,0.015350,1527828168.153800,b,l,201806010442
7485.400000,0.013870,1527828168.156400,b,l,201806010442
7485.500000,2.674000,1527828168.158900,b,l,201806010442
7488.900000,0.340988,1527828168.162400,b,l,201806010442
7489.000000,2.000000,1527828168.165000,b,l,201806010442
7489.600000,2.390000,1527828168.167600,b,l,201806010442
7489.900000,1.000000,1527828168.170300,b,l,201806010442
7490.000000,1.000000,1527828168.173600,b,l,201806010442
7491.600000,0.227009,1527828168.176300,b,l,201806010442
7476.800000,0.015441,1527828173.656500,s,l,201806010442
7477.400000,0.021085,1527828236.284100,b,l,201806010443
7479.900000,0.002059,1527828255.022800,b,m,201806010444
7477.800000,0.003509,1527828324.686200,s,l,201806010445
7477.700000,0.013697,1527828335.114500,s,m,201806010445
7477.900000,0.026130,1527828394.553400,b,l,201806010446
7478.200000,0.000000,1527828454.553400,s,l,201806010447
7478.200000,0.230500,1527828493.323700,s,l,201806010448
7478.400000,0.012440,1527828496.242000,b,l,201806010448
7478.300000,0.002743,1527828498.485300,s,l,201806010448
7479.500000,0.100000,1527828500.687100,b,l,201806010448
7479.400000,0.002400,1527828507.801100,s,l,201806010448
7485.500000,0.061510,1527828557.181200,s,m,201806010449
7488.400000,0.003283,1527828576.611300,b,l,201806010449
7491.400000,0.002638,1527828576.616300,b,l,201806010449
7493.200000,0.000000,1527828600.273100,s,l,201806010450
7493.200000,0.002200,1527828600.278200,s,l,201806010450
7494.900000,0.006700,1527828610.493200,b,l,201806010450
7495.100000,1.993300,1527828610.498000,b,l,201806010450
7493.300000,0.189079,1527828618.807300,b,l,201806010450
7494.900000,1.000000,1527828618.820100,b,l,201806010450
7495.200000,1.000000,1527828618.823100,b,l,201806010450
7495.200000,1.000000,1527828618.825700,b,l,201806010450
7496.000000,0.003323,1527828618.829400,b,l,201806010450
7498.900000,0.628426,1527828618.832900,b,l,201806010450
7500.000000,0.050000,1527828618.835600,b,l,201806010450
7500.000000,0.050000,1527828618.837700,b,l,201806010450
7500.000000,0.415579,1527828619.465400,s,l,201806010450
7500.000000,0.417167,1527828620.152000,s,l,201806010450
7500.000000,0.400036,1527828620.167300,s,l,201806010450
7500.000000,0.009400,1527828620.318100,s,l,201806010450
7500.000000,4.836991,1527828620.362200,s,l,201806010450
7495.100000,0.200000,1527828634.397400,b,m,201806010450
7495.100000,0.200000,1527828634.408900,b,m,201806010450
7493.200000,0.041694,1527828673.942500,s,l,201806010451
7493.200000,0.081661,1527828680.703300,s,l,201806010451
7493.200000,0.002865,1527828689.374000,s,l,201806010451
7493.800000,4.260600,1527828692.832300,b,l,201806010451
7494.200000,1.000000,1527828692.843700,b,l,201806010451
7494.900000,1.000000,1527828692.846800,b,l,201806010451
7495.000000,1.000000,1527828692.850100,b,l,201806010451
7496.400000,1.000000,1527828692.877200,b,l,201806010451
7496.500000,1.000000,1527828692.880000,b,l,201806010451
7498.300000,0.739400,1527828692.884500,b,l,201806010451
7493.200000,0.006725,1527828708.046200,s,l,201806010451
7493.200000,0.148442,1527828760.783400,s,l,201806010452
7493.200000,0.017326,1527828760.792700,s,l,201806010452
7493.200000,0.049000,1527828760.795100,s,l,201806010452
7493.200000,0.076553,1527828760.797400,s,l,201806010452
7485.400000,0.040840,1527828760.801100,s,l,201806010452
7485.400000,0.010371,1527828760.804200,s,l,201806010452
7485.300000,0.735469,1527828760.807000,s,l,201806010452
7487.100000,0.000000,1527828820.807000,b,l,201806010453
7487.100000,0.000000,1527828880.807000,b,l,201806010454
7487.100000,0.012145,1527828932.793200,b,l,201806010455
7488.000000,0.153850,1527828932.806600,b,l,201806010455
7490.500000,0.012281,1527828932.809800,b,l,201806010455
7493.000000,0.093208,1527828932.813500,b,l,201806010455
7493.200000,2.390000,1527828932.817100,b,l,201806010455
7495.100000,0.377055,1527828932.820900,b,l,201806010455
7496.000000,0.019652,1527828932.824300,b,l,201806010455
7496.600000,1.000000,1527828932.827100,b,l,201806010455
7496.700000,2.000000,1527828932.830600,b,l,201806010455
7497.500000,0.012755,1527828932.834800,b,l,201806010455
7498.600000,0.150000,1527828932.838400,b,l,201806010455
7499.400000,6.188000,1527828932.842100,b,l,201806010455
7499.500000,4.510000,1527828932.845500,b,l,201806010455
7500.000000,2.390000,1527828934.468700,s,l,201806010455
7500.000000,0.691054,1527828934.804100,s,l,201806010455
7484.400000,0.000000,1527828994.804100,b,l,201806010456
7484.400000,0.080000,1527829069.072000,b,l,201806010457
7483.300000,0.005099,1527829089.839500,s,l,201806010458
7483.400000,0.126000,1527829116.441200,b,l,201806010458
7484.300000,0.002991,1527829128.474700,b,l,201806010458
7484.400000,0.683256,1527829128.493500,b,l,201806010458
7488.800000,0.010000,1527829139.888500,b,m,201806010458
7491.800000,0.039200,1527829139.936300,b,m,201806010458
7494.900000,0.083354,1527829139.942500,b,m,201806010458
7488.700000,0.006812,1527829193.815200,s,l,201806010459
7488.800000,0.003424,1527829209.827600,s,l,201806010500
7488.800000,0.013668,1527829224.786000,s,m,201806010500
7489.000000,0.011200,1527829227.887500,b,l,201806010500
7489.000000,0.006196,1527829227.966700,b,l,201806010500
7494.200000,0.161497,1527829276.725900,b,m,201806010501
7489.600000,0.007139,1527829304.520200,b,l,201806010501
7495.100000,0.020145,1527829337.801100,b,l,201806010502
7500.200000,0.029855,1527829337.807600,b,l,201806010502
7492.300000,0.000000,1527829338.198300,s,m,201806010502
7499.900000,0.002400,1527829347.249300,b,l,201806010502
7503.000000,0.047600,1527829347.261600,b,l,201806010502
7497.300000,0.040791,1527829360.517500,s,l,201806010502
7497.100000,0.040789,1527829368.910500,s,l,201806010502
7499.900000,0.004406,1527829382.870700,b,m,201806010503
7502.900000,0.995594,1527829382.883800,b,m,201806010503
7499.600000,0.154000,1527829412.810300,b,m,201806010503
7500.700000,0.072512,1527829412.825700,b,m,201806010503
7503.000000,0.003600,1527829412.828700,b,m,201806010503
7503.100000,0.226233,1527829412.831500,b,m,201806010503
7507.500000,1.000000,1527829412.835100,b,m,201806010503
7507.800000,0.543655,1527829412.837800,b,m,201806010503
7496.600000,0.100000,1527829429.403900,s,l,201806010503
7496.400000,0.078567,1527829429.424300,s,l,201806010503
7496.400000,0.000203,1527829429.426400,s,l,201806010503
7499.800000,0.050000,1527829446.713300,b,l,201806010504
7496.000000,0.000603,1527829460.054100,s,m,201806010504
7496.000000,0.001465,1527829460.060700,s,m,201806010504
7496.100000,0.012082,1527829554.621000,s,l,201806010505
7496.100000,0.002069,1527829569.660400,s,l,201806010506
7497.000000,0.004065,1527829588.674600,s,l,201806010506
7497.100000,0.100000,1527829632.184000,b,l,201806010507
7497.100000,0.150000,1527829632.189900,b,l,201806010507
7497.100000,0.072000,1527829683.801400,b,l,201806010508
7497.100000,0.057000,1527829730.706400,b,l,201806010508
7497.100000,0.057000,1527829733.032700,s,l,201806010508
7497.100000,0.034493,1527829739.582600,s,m,201806010508
7497.100000,0.000077,1527829739.585800,s,m,201806010508
7497.100000,0.117101,1527829767.228800,s,l,201806010509
7497.100000,0.079975,1527829767.651700,s,l,201806010509
7497.100000,0.021155,1527829825.097700,s,l,201806010510
7497.100000,0.017859,1527829859.183800,s,l,201806010510
7497.100000,0.015341,1527829895.484900,s,l,201806010511
7497.100000,0.050259,1527829895.489800,s,l,201806010511
7497.100000,0.006741,1527829897.395800,s,l,201806010511
7497.000000,0.112259,1527829897.399500,s,l,201806010511
7497.000000,0.017056,1527829972.482800,s,l,201806010512
7496.200000,0.184900,1527830022.314400,s,l,201806010513
7496.400000,0.000625,1527830063.381400,s,m,201806010514
7496.400000,0.001437,1527830063.402500,s,m,201806010514
7496.200000,0.115600,1527830070.768800,s,l,201806010514
7496.000000,0.050000,1527830094.364700,s,l,201806010514
7496.000000,0.068460,1527830094.369200,s,l,201806010514
7496.000000,0.000000,1527830154.369200,s,m,201806010515
7496.000000,0.000000,1527830214.369200,s,m,201806010516
7496.000000,0.005431,1527830224.799000,s,m,201806010517
7496.000000,0.000009,1527830224.821300,s,m,201806010517
7496.000000,0.026100,1527830261.514400,s,l,201806010517
7492.200000,0.048500,1527830264.233100,s,l,201806010517
7493.700000,0.025900,1527830265.629200,s,l,201806010517
7493.700000,0.080000,1527830265.988900,s,m,201806010517
7497.000000,0.000000,1527830325.988900,b,l,201806010518
7497.000000,0.000000,1527830385.988900,b,l,201806010519
7497.000000,0.010100,1527830436.728800,b,l,201806010520
7496.000000,0.000000,1527830496.728800,b,m,201806010521
7496.000000,0.000000,1527830556.728800,b,m,201806010522
7496.000000,0.000000,1527830616.728800,b,m,201806010523
7496.000000,0.146000,1527830660.231100,b,m,201806010524
7497.000000,0.400400,1527830660.246600,b,m,201806010524
7495.900000,0.000649,1527830669.911200,s,m,201806010524
7495.900000,0.001410,1527830669.917900,s,m,201806010524
7495.900000,0.000000,1527830729.917900,s,l,201806010525
7495.900000,0.008100,1527830805.233700,s,l,201806010526
7495.900000,0.038800,1527830830.559100,s,l,201806010527
7495.900000,0.951040,1527830844.696900,s,l,201806010527
7492.300000,0.003800,1527830852.362300,s,l,201806010527
7492.800000,0.008000,1527830885.069400,b,l,201806010528
7493.400000,0.057800,1527830885.073900,b,l,201806010528
7496.000000,0.484460,1527830885.077700,b,l,201806010528
7493.800000,0.550260,1527830948.917400,s,m,201806010529
7494.000000,0.002951,1527830965.119900,b,l,201806010529
7492.500000,0.004999,1527830988.849300,b,l,201806010529
7495.800000,0.045001,1527831029.499700,s,l,201806010530
7492.300000,0.003856,1527831114.940200,s,l,201806010531
7492.400000,0.048000,1527831154.344300,b,l,201806010532
7492.500000,0.016915,1527831154.350300,b,l,201806010532
7492.500000,0.048000,1527831156.338200,s,l,201806010532
7492.500000,0.013875,1527831157.996100,s,l,201806010532
7492.300000,0.291939,1527831158.019600,s,l,201806010532
7492.300000,0.000757,1527831158.022700,s,l,201806010532
7494.000000,0.048000,1527831205.425700,s,l,201806010533
7486.700000,0.000000,1527831265.425700,s,m,201806010534
7486.700000,0.043771,1527831303.260200,s,m,201806010535
7486.700000,0.002000,1527831303.273300,s,m,201806010535
7486.700000,0.001764,1527831303.280000,s,m,201806010535
7486.700000,0.001752,1527831303.286900,s,m,201806010535
7486.700000,0.001748,1527831303.293500,s,m,201806010535
7486.700000,0.174900,1527831303.300100,s,m,201806010535
7486.600000,0.100000,1527831345.704500,s,l,201806010535
7486.000000,0.023245,1527831354.779300,s,m,201806010535
7484.200000,1.000000,1527831354.782300,s,m,201806010535
7483.600000,0.976755,1527831354.785400,s,m,201806010535
7483.700000,0.120000,1527831360.427100,s,l,201806010536
7483.600000,0.023245,1527831371.289000,s,l,201806010536
7482.400000,0.069955,1527831371.298300,s,l,201806010536
7482.400000,0.098200,1527831376.529000,s,l,201806010536
7482.400000,0.054863,1527831381.174500,s,l,201806010536
7482.400000,0.000137,1527831381.184300,s,l,201806010536
7482.500000,1.000000,1527831390.843000,s,m,201806010536
7485.700000,0.100000,1527831415.618600,b,l,201806010536
7485.900000,0.006370,1527831422.324900,b,l,201806010537
7487.000000,0.154032,1527831442.884500,s,l,201806010537
7487.000000,0.000398,1527831442.892100,s,l,201806010537
7489.300000,0.010000,1527831532.608600,b,l,201806010538
7489.300000,0.109000,1527831544.333400,b,m,201806010539
7489.300000,0.891000,1527831544.352300,b,m,201806010539
7488.300000,0.007000,1527831632.305800,b,l,201806010540
7489.800000,0.002463,1527831634.687300,b,m,201806010540
7489.900000,0.002493,1527831634.698800,b,m,201806010540
7494.000000,0.007904,1527831634.703000,b,m,201806010540
7486.600000,0.000000,1527831694.703000,s,m,201806010541
7486.600000,0.000000,1527831754.703000,s,m,201806010542
7486.600000,0.000000,1527831814.703000,s,m,201806010543
7486.600000,0.012827,1527831849.716300,s,m,201806010544
7486.000000,0.100000,1527831888.503200,s,m,201806010544
7485.700000,1.000000,1527831888.508600,s,m,201806010544
7485.400000,0.400000,1527831888.511800,s,m,201806010544
7486.100000,0.150000,1527831909.095700,s,l,201806010545
7481.600000,0.013671,1527831919.282600,s,m,201806010545
7485.700000,0.022600,1527831945.920100,b,l,201806010545
7485.700000,0.004100,1527831945.998300,b,l,201806010545
7485.700000,0.018500,1527831946.308600,b,l,201806010545
7489.900000,0.012690,1527831947.234800,b,m,201806010545
7483.200000,0.025000,1527831948.794700,s,l,201806010545
7489.700000,0.022600,1527831953.613700,b,l,201806010545
7483.700000,0.035290,1527831957.525400,s,l,201806010545
7483.400000,0.028676,1527831957.529700,s,l,201806010545
7481.600000,0.100000,1527832010.441400,s,l,201806010546
7483.300000,0.011520,1527832012.430900,s,l,201806010546
7481.600000,0.000000,1527832072.430900,s,l,201806010547
7481.600000,0.060000,1527832088.210000,s,l,201806010548
7479.400000,0.150000,1527832116.866600,s,l,201806010548
7478.600000,0.050000,1527832143.605500,s,l,201806010549
7479.800000,0.048400,1527832212.622000,s,l,201806010550
7481.000000,0.002450,1527832213.835400,b,m,201806010550
7482.800000,0.419495,1527832246.081700,s,l,201806010550
7482.300000,0.020505,1527832246.107200,s,l,201806010550
7483.900000,0.012297,1527832246.123200,b,m,201806010550
7488.500000,0.007703,1527832246.128300,b,m,201806010550
7487.500000,0.000000,1527832306.128300,b,l,201806010551
7487.500000,0.011827,1527832335.817200,b,l,201806010552
7487.600000,0.200000,1527832338.551200,s,m,201806010552
7487.600000,0.177000,1527832338.561200,s,m,201806010552
7492.200000,0.063100,1527832345.425100,s,l,201806010552
7488.100000,0.002128,1527832363.473000,b,l,201806010552
7487.800000,0.003600,1527832403.125200,s,l,201806010553
7492.600000,0.460000,1527832413.394100,b,m,201806010553
7492.700000,1.000000,1527832492.716500,b,m,201806010554
7492.800000,0.101400,1527832492.722500,b,m,201806010554
7492.900000,0.208426,1527832492.726800,b,m,201806010554
7492.900000,0.690174,1527832492.729800,b,m,201806010554
7488.000000,0.101600,1527832498.308300,s,l,201806010554
7488.000000,0.066000,1527832518.240100,s,m,201806010555
7491.500000,0.000000,1527832578.240100,s,l,201806010556
7491.500000,0.002300,1527832650.623800,s,l,201806010557
7491.600000,0.564950,1527832704.967200,s,l,201806010558
7488.600000,0.000000,1527832764.967200,s,m,201806010559
7488.600000,0.000000,1527832824.967200,s,m,201806010600
7488.600000,0.013657,1527832873.090900,s,m,201806010601
7488.000000,0.032400,1527832961.074000,s,l,201806010602
7489.000000,0.000000,1527833021.074000,s,m,201806010603
7489.000000,0.000000,1527833081.074000,s,m,201806010604
7489.000000,0.000000,1527833141.074000,s,m,201806010605
7489.000000,0.000000,1527833201.074000,s,m,201806010606
7489.000000,0.002000,1527833253.648400,s,m,201806010607
7484.900000,0.748000,1527833253.665400,s,m,201806010607
7487.200000,0.000000,1527833313.665400,s,l,201806010608
7487.200000,0.000000,1527833373.665400,s,l,201806010609
7487.200000,0.000000,1527833433.665400,s,l,201806010610
7487.200000,0.002700,1527833468.680800,s,l,201806010611
7492.000000,0.005000,1527833570.020100,b,l,201806010612
7492.300000,0.017351,1527833633.941000,b,l,201806010613
7488.100000,0.000671,1527833683.281000,s,m,201806010614
7488.100000,0.001386,1527833683.297700,s,m,201806010614
7488.400000,0.000000,1527833743.297700,s,l,201806010615
7488.400000,0.500000,1527833815.361400,s,l,201806010616
7492.300000,0.417089,1527833848.914400,b,l,201806010617
7496.400000,0.050000,1527833849.102300,b,m,201806010617
7496.400000,0.037297,1527833849.107400,b,m,201806010617
7497.000000,0.062703,1527833849.111400,b,m,201806010617
7497.000000,1.062688,1527833850.097100,b,l,201806010617
7498.000000,1.000000,1527833850.102700,b,l,201806010617
7499.000000,0.003334,1527833850.106000,b,l,201806010617
7501.000000,4.503000,1527833850.108400,b,l,201806010617
7501.200000,0.083142,1527833850.112400,b,l,201806010617
7501.200000,0.003638,1527833850.730400,b,l,201806010617
7503.500000,0.007100,1527833851.706200,s,l,201806010617
7504.200000,0.041469,1527833856.996500,b,l,201806010617
7512.900000,0.008710,1527833860.616600,b,l,201806010617
7513.000000,1.700000,1527833860.621800,b,l,201806010617
7514.800000,0.230000,1527833862.154000,b,m,201806010617
7514.800000,0.016500,1527833862.158800,b,m,201806010617
7514.800000,0.108344,1527833863.017100,b,l,201806010617
7514.800000,0.086740,1527833863.020500,b,l,201806010617
7515.000000,3.670000,1527833863.897000,b,l,201806010617
7515.000000,14.013378,1527833866.040300,b,l,201806010617
7515.000000,2.172182,1527833866.146900,b,l,201806010617
7515.000000,1.827818,1527833866.151100,b,l,201806010617
7515.000000,0.316622,1527833866.191400,b,l,201806010617
7517.400000,0.979006,1527833866.305400,b,l,201806010617
7517.500000,0.018345,1527833866.309700,b,l,201806010617
7517.500000,0.000022,1527833866.312800,b,l,201806010617
7517.500000,0.000000,1527833866.322500,b,l,201806010617
7520.000000,0.048000,1527833866.332100,b,m,201806010617
7520.000000,0.107904,1527833866.336100,b,m,201806010617
7520.000000,3.470000,1527833866.498300,b,l,201806010617
7520.000000,2.172182,1527833866.918400,b,l,201806010617
7520.000000,1.827818,1527833866.923000,b,l,201806010617
7520.000000,1.165540,1527833867.998500,b,l,201806010617
7520.000000,0.096030,1527833868.004900,b,l,201806010617
7520.000000,3.238430,1527833868.013300,b,l,201806010617
7520.000000,7.044900,1527833868.528700,b,l,201806010617
7520.000000,2.827500,1527833871.167300,b,l,201806010617
7520.000000,0.001695,1527833871.170400,b,l,201806010617
7520.000000,0.000001,1527833871.173000,b,l,201806010617
7525.000000,0.002000,1527833871.176900,b,l,201806010617
7525.100000,1.168804,1527833871.179700,b,l,201806010617
7525.100000,0.088203,1527833871.237000,b,l,201806010617
7525.100000,3.728994,1527833872.889800,b,l,201806010617
7526.900000,0.007000,1527833872.893900,b,l,201806010617
7526.900000,0.002100,1527833872.897900,b,l,201806010617
7527.000000,0.261906,1527833872.902700,b,l,201806010617
7523.100000,0.138000,1527833873.595300,s,l,201806010617
7527.000000,2.830000,1527833875.486300,b,l,201806010617
7526.900000,0.006600,1527833875.518800,s,l,201806010617
7527.000000,4.000000,1527833875.667300,b,l,201806010617
7527.000000,2.628000,1527833876.487900,b,l,201806010617
7527.000000,3.000000,1527833877.429300,b,l,201806010617
7527.000000,0.280094,1527833881.072300,b,m,201806010618
7530.000000,0.719906,1527833881.076500,b,m,201806010618
7530.000000,1.000000,1527833881.096400,b,m,201806010618
7530.000000,0.250000,1527833882.370700,b,m,201806010618
7530.000000,3.000000,1527833883.938600,b,l,201806010618
7530.000000,2.570000,1527833884.854300,b,l,201806010618
7528.300000,0.010102,1527833885.133100,s,l,201806010618
7529.900000,0.123500,1527833886.522400,b,l,201806010618
7530.000000,1.138070,1527833886.529000,b,l,201806010618
7530.000000,3.238430,1527833886.534000,b,l,201806010618
7530.000000,0.883594,1527833888.149200,b,l,201806010618
7530.000000,1.000000,1527833888.155200,b,l,201806010618
7536.700000,0.004372,1527833891.750300,b,l,201806010618
7536.800000,0.004117,1527833891.753800,b,l,201806010618
7537.000000,2.991511,1527833891.757500,b,l,201806010618
7537.000000,0.012096,1527833891.766500,b,m,201806010618
7537.000000,0.007904,1527833891.772000,b,m,201806010618
7537.000000,0.080000,1527833891.777800,b,m,201806010618
7537.000000,4.000000,1527833898.371900,b,l,201806010618
7537.000000,0.005000,1527833902.645800,b,m,201806010618
7537.000000,0.189900,1527833902.825900,b,l,201806010618
7537.000000,2.000000,1527833903.504600,b,l,201806010618
7537.000000,0.010779,1527833904.967900,b,l,201806010618
7537.000000,3.000000,1527833905.557700,b,l,201806010618
7537.000000,0.313500,1527833906.062500,b,l,201806010618
7537.000000,0.070200,1527833906.710900,b,l,201806010618
7537.000000,0.038000,1527833907.623600,b,l,201806010618
7537.000000,0.032200,1527833907.923100,b,l,201806010618
7537.000000,0.029900,1527833911.358400,b,l,201806010618
7537.000000,0.218878,1527833911.637300,b,l,201806010618
7537.000000,0.000131,1527833911.640300,b,l,201806010618
7537.000000,0.000000,1527833911.642600,b,l,201806010618
7540.000000,0.250000,1527833911.648100,b,l,201806010618
7546.600000,0.004500,1527833913.709300,b,m,201806010618
7546.600000,1.000000,1527833913.721400,b,m,201806010618
7546.400000,0.664870,1527833918.258600,s,m,201806010618
7547.500000,0.049515,1527833922.851400,b,m,201806010618
7550.000000,0.450485,1527833922.855300,b,m,201806010618
7547.500000,0.400000,1527833924.961600,b,l,201806010618
7550.000000,0.010515,1527833924.965500,b,l,201806010618
7555.200000,0.005500,1527833925.182300,b,m,201806010618
7557.000000,0.224500,1527833925.187000,b,m,201806010618
7557.000000,0.070000,1527833925.207900,b,m,201806010618
7557.000000,0.025000,1527833925.211700,b,m,201806010618
7557.000000,0.100000,1527833925.215100,b,m,201806010618
7557.000000,0.055000,1527833925.219000,b,m,201806010618
7552.100000,0.169000,1527833925.570700,s,l,201806010618
7557.000000,0.730806,1527833931.535000,b,l,201806010618
7560.000000,0.029952,1527833931.538300,b,l,201806010618
7560.000000,0.000048,1527833931.540300,b,l,201806010618
7560.000000,0.000000,1527833931.542300,b,l,201806010618
7560.000000,0.020000,1527833931.546900,b,l,201806010618
7560.000000,0.006444,1527833931.551200,b,l,201806010618
7560.000000,0.020029,1527833931.554800,b,l,201806010618
7560.000000,0.029971,1527833931.557200,b,l,201806010618
7560.200000,0.006601,1527833931.567700,b,m,201806010618
7560.200000,0.018399,1527833931.570200,b,m,201806010618
7560.200000,0.059374,1527833931.576900,b,m,201806010618
7560.200000,0.015626,1527833931.579300,b,m,201806010618
7566.500000,0.088297,1527833931.582500,b,m,201806010618
7567.700000,0.823318,1527833931.585600,b,m,201806010618
7567.700000,3.176682,1527833931.587900,b,m,201806010618
7568.500000,1.000000,1527833931.590300,b,m,201806010618
7568.600000,0.361216,1527833931.593000,b,m,201806010618
7569.500000,0.389000,1527833931.595800,b,m,201806010618
7569.600000,0.015000,1527833931.599100,b,m,201806010618
7570.000000,0.179743,1527833931.602600,b,m,201806010618
7571.300000,0.140000,1527833931.606500,b,m,201806010618
7571.400000,0.015722,1527833931.609700,b,m,201806010618
7571.400000,0.260000,1527833931.612400,b,m,201806010618
7574.300000,0.004590,1527833931.615200,b,m,201806010618
7574.400000,1.448000,1527833931.617900,b,m,201806010618
7575.000000,2.000000,1527833931.621400,b,m,201806010618
7575.000000,0.250000,1527833931.624800,b,m,201806010618
7577.900000,4.697000,1527833931.627600,b,m,201806010618
7579.700000,0.076432,1527833931.630300,b,m,201806010618
7579.700000,0.070454,1527833931.639200,b,m,201806010618
7579.800000,0.015000,1527833931.642000,b,m,201806010618
7580.000000,0.008222,1527833931.645300,b,m,201806010618
7580.000000,0.000008,1527833931.647300,b,m,201806010618
7580.000000,0.020029,1527833931.649900,b,m,201806010618
7580.000000,0.012840,1527833931.652300,b,m,201806010618
7580.000000,0.000020,1527833931.655000,b,m,201806010618
7580.000000,0.004600,1527833931.657100,b,m,201806010618
7580.000000,0.032200,1527833931.659300,b,m,201806010618
7580.000000,0.000340,1527833931.661600,b,m,201806010618
7580.000000,0.100000,1527833931.665000,b,m,201806010618
7580.000000,0.400000,1527833931.667600,b,m,201806010618
7580.000000,1.000000,1527833931.670500,b,m,201806010618
7581.200000,0.079876,1527833931.673700,b,m,201806010618
7581.200000,0.000124,1527833931.675900,b,m,201806010618
7581.600000,0.004811,1527833931.681900,b,m,201806010618
7584.300000,1.103476,1527833931.737700,b,m,201806010618
7584.300000,0.539847,1527833931.761700,b,m,201806010618
7584.300000,0.010000,1527833931.778900,b,m,201806010618
7584.300000,0.500000,1527833931.785800,b,m,201806010618
7584.300000,1.090000,1527833931.793800,b,m,201806010618
7584.300000,0.017000,1527833931.800500,b,m,201806010618
7584.300000,0.061510,1527833931.807300,b,m,201806010618
7560.000000,0.157000,1527833932.642300,s,l,201806010618
7569.200000,0.231632,1527833937.686500,s,l,201806010618
7569.200000,0.466403,1527833940.657100,s,m,201806010619
7569.200000,0.231632,1527833941.750900,s,l,201806010619
7569.200000,0.231632,1527833943.276200,s,l,201806010619
7569.200000,0.035900,1527833944.588800,s,l,201806010619
7569.200000,0.231632,1527833946.827100,s,l,201806010619
7569.200000,0.252500,1527833947.683300,s,l,201806010619
7567.700000,0.100000,1527833948.101100,s,l,201806010619
7567.700000,0.030000,1527833948.206500,s,l,201806010619
7567.700000,0.095456,1527833948.967000,s,l,201806010619
7567.700000,0.004544,1527833950.133800,b,l,201806010619
7567.700000,0.030000,1527833950.137000,b,l,201806010619
7567.700000,0.140900,1527833951.291500,s,l,201806010619
7567.700000,0.824556,1527833951.466400,s,l,201806010619
7566.800000,0.329724,1527833951.469500,s,l,201806010619
7566.800000,0.130276,1527833951.472400,s,l,201806010619
7566.700000,1.000000,1527833951.475300,s,l,201806010619
7564.800000,1.749641,1527833951.478900,s,l,201806010619
7561.900000,1.000000,1527833953.425400,b,l,201806010619
7560.700000,0.184500,1527833955.708400,s,l,201806010619
7560.700000,0.075500,1527833956.192000,s,l,201806010619
7557.000000,0.460000,1527833956.214100,s,l,201806010619
7555.700000,0.150000,1527833956.217600,s,l,201806010619
7555.300000,0.040719,1527833956.220700,s,l,201806010619
7552.300000,0.460000,1527833957.398600,s,l,201806010619
7549.100000,0.102966,1527833957.403200,s,l,201806010619
7548.500000,2.569310,1527833957.406300,s,l,201806010619
7546.400000,0.036700,1527833957.543700,b,l,201806010619
7546.400000,0.231024,1527833957.615900,b,l,201806010619
7555.700000,0.001000,1527833961.200500,b,m,201806010619
7553.000000,1.750196,1527833961.584800,s,l,201806010619
7550.000000,0.768976,1527833962.788600,s,l,201806010619
7545.400000,0.005254,1527833962.792200,s,l,201806010619
7544.800000,0.445456,1527833962.795000,s,l,201806010619
7540.700000,0.460000,1527833964.589100,s,l,201806010619
7540.600000,1.067200,1527833964.594200,s,l,201806010619
7540.600000,1.000000,1527833964.605400,s,l,201806010619
7544.400000,2.600000,1527833976.804000,b,l,201806010619
7541.300000,0.239700,1527833995.313000,s,m,201806010619
7541.300000,0.013604,1527833995.322600,s,m,201806010619
7541.300000,0.012396,1527833995.325600,s,m,201806010619
7541.300000,0.008365,1527833995.332300,s,m,201806010619
7541.300000,0.225935,1527833995.847500,s,l,201806010619
7540.900000,0.190424,1527834010.970600,b,l,201806010620
7545.800000,0.823318,1527834016.712300,b,l,201806010620
7545.800000,1.606682,1527834016.720000,b,l,201806010620
7542.500000,1.000000,1527834022.363300,s,l,201806010620
7542.500000,0.662400,1527834023.299900,b,l,201806010620
7544.200000,0.011272,1527834023.304500,b,l,201806010620
7544.900000,0.269000,1527834028.060600,s,l,201806010620
7544.900000,0.296800,1527834028.098800,s,l,201806010620
7556.700000,0.100000,1527834038.697900,b,m,201806010620
7553.600000,0.005000,1527834041.092000,b,m,201806010620
7553.500000,0.012396,1527834051.632700,b,m,201806010620
7553.500000,0.008365,1527834051.646800,b,m,201806010620
7553.500000,0.225935,1527834051.652700,b,m,201806010620
7553.500000,0.253304,1527834051.655500,b,m,201806010620
7553.600000,0.150000,1527834051.658000,b,m,201806010620
7552.000000,0.050000,1527834054.002000,b,l,201806010620
7545.400000,0.100000,1527834066.128100,s,l,201806010621
7545.300000,0.017782,1527834066.133200,s,l,201806010621
7545.200000,0.029160,1527834066.138100,s,l,201806010621
7541.000000,0.088200,1527834095.545300,b,l,201806010621
7541.100000,0.011806,1527834095.558200,b,l,201806010621
7544.600000,2.060000,1527834104.656700,b,l,201806010621
7539.800000,0.254000,1527834105.904300,s,l,201806010621
7544.600000,0.940000,1527834106.999000,b,l,201806010621
7544.500000,0.083600,1527834111.328200,s,l,201806010621
7544.500000,0.916400,1527834112.427100,s,l,201806010621
7539.900000,0.485400,1527834117.534400,s,l,201806010621
7543.900000,0.022750,1527834118.770000,s,l,201806010621
7544.100000,0.824000,1527834128.489200,s,l,201806010622
7544.000000,1.196000,1527834128.494300,s,l,201806010622
7546.300000,0.045000,1527834129.259300,b,l,201806010622
7546.200000,0.975668,1527834132.799900,b,m,201806010622
7546.300000,0.955000,1527834132.819600,b,m,201806010622
7549.900000,0.969332,1527834132.822600,b,m,201806010622
7544.300000,0.050000,1527834139.478600,b,l,201806010622
7544.300000,0.003110,1527834142.934300,s,l,201806010622
7544.300000,0.006844,1527834142.941100,s,l,201806010622
7544.200000,0.005201,1527834142.944500,s,l,201806010622
7544.000000,0.005845,1527834154.034200,b,l,201806010622
7544.600000,0.994155,1527834158.649500,s,l,201806010622
7544.300000,0.601671,1527834162.155300,b,m,201806010622
7543.100000,0.100000,1527834171.164400,b,l,201806010622
7541.700000,0.500000,1527834180.571200,b,l,201806010623
7539.200000,0.032350,1527834254.019300,b,l,201806010624
7542.100000,0.000674,1527834287.743900,s,m,201806010624
7542.100000,0.001368,1527834287.750600,s,m,201806010624
7543.000000,0.800000,1527834333.779000,s,l,201806010625
7542.200000,0.220000,1527834333.784200,s,l,201806010625
7541.400000,0.214544,1527834333.786900,s,l,201806010625
7539.200000,0.002444,1527834336.072600,s,m,201806010625
7539.200000,0.000006,1527834336.077200,s,m,201806010625
7539.200000,0.000000,1527834336.079200,s,m,201806010625
7539.300000,0.003000,1527834338.629500,s,l,201806010625
7539.200000,0.000199,1527834343.153300,s,l,201806010625
7538.300000,0.434544,1527834343.157700,s,l,201806010625
7531.300000,0.993782,1527834345.451600,s,l,201806010625
7531.400000,0.428099,1527834346.196000,s,l,201806010625
7531.700000,1.000000,1527834348.518200,b,m,201806010625
7537.300000,0.370000,1527834348.521300,b,m,201806010625
7531.400000,0.401907,1527834348.984000,s,l,201806010625
7531.500000,0.129503,1527834353.271200,s,l,201806010625
7531.500000,0.150000,1527834361.300600,s,m,201806010626
7531.200000,0.007165,1527834404.307900,b,m,201806010626
7531.600000,0.056360,1527834404.321100,b,m,201806010626
7537.200000,0.006455,1527834404.328600,b,m,201806010626
7537.200000,0.004764,1527834404.334300,b,m,201806010626
7538.400000,0.231632,1527834404.340800,b,m,201806010626
7538.500000,0.393624,1527834404.344100,b,m,201806010626
7529.200000,0.011489,1527834426.315300,b,l,201806010627
7533.200000,0.002450,1527834430.030900,b,m,201806010627
7533.200000,0.015085,1527834440.595900,b,m,201806010627
7534.900000,0.002071,1527834440.601800,b,m,201806010627
7535.000000,0.482844,1527834440.606000,b,m,201806010627
7533.400000,1.000000,1527834512.936200,b,l,201806010628
7533.400000,0.100000,1527834512.973600,b,l,201806010628
7535.100000,0.114122,1527834512.977700,b,l,201806010628
7535.100000,0.190000,1527834512.981800,b,l,201806010628
7535.100000,0.130422,1527834512.984900,b,l,201806010628
7536.000000,0.869578,1527834533.920000,s,l,201806010628
7536.000000,0.049000,1527834533.925700,s,l,201806010628
7533.000000,0.088511,1527834552.856000,s,l,201806010629
7529.300000,0.014766,1527834575.902600,b,l,201806010629
7529.000000,3.000000,1527834592.574300,b,l,201806010629
7529.300000,2.488845,1527834592.607400,b,l,201806010629
7529.300000,0.006776,1527834592.610800,b,l,201806010629
7534.400000,0.000000,1527834652.610800,b,m,201806010630
7534.400000,0.000053,1527834673.730600,b,m,201806010631
7534.400000,0.013536,1527834673.735000,b,m,201806010631
7534.300000,0.100000,1527834712.407200,b,l,201806010631
7532.900000,0.000000,1527834772.407200,s,l,201806010632
7532.900000,0.030000,1527834828.828600,s,l,201806010633
7533.900000,0.070000,1527834832.668600,b,l,201806010633
7534.000000,0.022200,1527834851.403600,b,l,201806010634
7533.900000,0.030000,1527834888.810600,s,l,201806010634
7529.900000,0.000000,1527834948.810600,s,m,201806010635
7529.900000,0.000000,1527835008.810600,s,m,201806010636
7529.900000,0.000000,1527835068.810600,s,m,201806010637
7529.900000,0.010000,1527835107.332500,s,m,201806010638
7529.900000,0.690000,1527835107.342000,s,m,201806010638
7530.000000,0.017236,1527835135.251300,b,l,201806010638
7530.000000,0.012764,1527835145.640800,b,l,201806010639
7542.400000,0.005525,1527835210.212600,b,l,201806010640
7550.000000,0.020000,1527835243.612000,b,l,201806010640
7550.000000,0.020000,1527835243.617300,b,l,201806010640
7550.000000,0.010000,1527835243.620000,b,l,201806010640
7551.600000,0.029100,1527835245.582800,b,l,201806010640
7549.500000,0.011433,1527835255.425000,s,l,201806010640
7546.400000,0.072267,1527835255.431700,s,l,201806010640
7547.900000,0.000000,1527835315.431700,b,m,201806010641
7547.900000,0.000000,1527835375.431700,b,m,201806010642
7547.900000,0.039972,1527835381.421100,b,m,201806010643
7545.000000,0.500000,1527835403.313700,s,l,201806010643
7544.800000,0.004459,1527835428.831400,s,l,201806010643
7534.200000,0.002037,1527835489.897800,s,m,201806010644
7543.800000,0.100000,1527835489.924000,b,m,201806010644
7540.800000,0.000000,1527835549.924000,s,l,201806010645
7540.800000,0.000000,1527835609.924000,s,l,201806010646
7540.800000,0.000000,1527835669.924000,s,l,201806010647
7540.800000,0.042600,1527835697.903100,s,l,201806010648
7540.900000,0.245000,1527835719.833800,b,l,201806010648
7532.700000,0.236434,1527835733.652900,s,m,201806010648
7532.700000,0.000566,1527835733.682300,s,m,201806010648
7532.700000,0.000000,1527835733.684600,s,m,201806010648
7536.400000,0.168000,1527835791.211000,s,m,201806010649
7529.900000,0.310000,1527835791.223100,s,m,201806010649
7529.900000,1.000000,1527835791.226000,s,m,201806010649
7529.100000,2.000000,1527835791.229400,s,m,201806010649
7528.700000,0.522000,1527835791.232900,s,m,201806010649
7536.100000,0.000000,1527835851.232900,s,m,201806010650
7536.100000,0.004386,1527835875.475100,s,m,201806010651
7536.100000,0.000011,1527835875.478400,s,m,201806010651
7536.100000,0.000000,1527835875.480300,s,m,201806010651
7539.000000,0.005170,1527835889.430600,b,m,201806010651
7539.500000,0.002853,1527835889.442500,b,m,201806010651
7539.900000,0.002037,1527835889.445400,b,m,201806010651
7540.300000,0.025717,1527835889.448700,b,m,201806010651
7540.300000,0.011867,1527835889.451900,b,m,201806010651
7540.300000,0.452356,1527835889.455000,b,m,201806010651
7540.300000,0.699060,1527835889.457900,b,m,201806010651
7544.700000,0.300940,1527835889.461100,b,m,201806010651
7540.100000,0.010549,1527835970.606100,b,l,201806010652
7544.600000,0.006000,1527835991.264400,s,l,201806010653
7543.200000,0.324000,1527835991.267900,s,l,201806010653
7541.100000,0.009682,1527836079.739900,s,l,201806010654
7541.100000,0.006808,1527836079.745300,s,l,201806010654
7541.000000,0.028009,1527836079.748900,s,l,201806010654
7541.100000,0.012296,1527836102.904900,s,m,201806010655
7541.100000,0.487704,1527836102.918800,s,m,201806010655
7541.200000,0.000000,1527836162.918800,b,l,201806010656
7541.200000,0.006457,1527836231.917300,b,l,201806010657
7537.800000,0.003618,1527836312.267800,b,l,201806010658
7539.400000,0.020479,1527836369.794700,b,l,201806010659
7540.700000,0.050000,1527836369.802200,b,l,201806010659
7542.500000,0.003067,1527836377.452700,b,l,201806010659
7542.500000,0.001933,1527836377.456400,b,l,201806010659
7542.500000,0.001190,1527836379.370800,b,l,201806010659
7544.400000,0.003810,1527836379.378400,b,l,201806010659
7544.800000,0.005000,1527836381.551900,b,l,201806010659
7543.000000,0.005000,1527836383.210000,b,l,201806010659
7543.900000,0.005000,1527836386.395800,b,l,201806010659
7544.800000,0.005000,1527836387.401000,b,l,201806010659
7544.800000,0.005000,1527836389.469500,b,l,201806010659
7544.800000,0.005000,1527836391.174100,b,l,201806010659
7544.000000,0.005000,1527836393.686300,b,l,201806010659
7544.700000,0.005000,1527836395.697800,b,l,201806010659
7544.700000,0.000099,1527836397.685300,b,l,201806010659
7544.800000,0.004901,1527836397.692400,b,l,201806010659
7544.800000,0.005000,1527836399.308000,b,l,201806010659
7544.800000,0.005000,1527836413.577400,b,l,201806010700
7544.800000,0.005000,1527836417.028400,b,l,201806010700
7544.800000,0.005000,1527836419.756800,b,l,201806010700
7544.000000,0.005000,1527836423.062300,b,l,201806010700
7544.000000,0.005000,1527836425.601900,b,l,201806010700
7543.600000,0.005000,1527836427.794800,b,l,201806010700
7544.700000,0.005000,1527836430.258900,b,l,201806010700
7543.500000,0.005000,1527836432.321800,b,l,201806010700
7543.400000,0.005000,1527836435.569200,b,l,201806010700
7544.300000,0.005000,1527836438.209700,b,l,201806010700
7544.300000,0.005000,1527836440.907300,b,l,201806010700
7543.200000,0.016257,1527836441.982100,s,l,201806010700
7543.100000,0.341000,1527836442.538700,b,l,201806010700
7543.100000,0.005000,1527836445.803300,b,l,201806010700
7544.600000,0.005000,1527836447.795000,b,l,201806010700
7544.600000,0.005000,1527836448.774400,b,l,201806010700
7544.800000,0.005000,1527836451.850900,b,l,201806010700
7544.800000,0.005000,1527836452.798200,b,l,201806010700
7544.800000,0.005000,1527836455.086200,b,l,201806010700
7544.800000,0.005000,1527836457.822400,b,l,201806010700
7544.800000,0.085099,1527836459.337700,b,l,201806010700
7544.800000,0.010749,1527836459.346000,b,l,201806010700
7544.800000,0.139251,1527836459.348400,b,l,201806010700
7546.200000,0.260000,1527836463.502000,b,l,201806010701
7546.200000,0.180000,1527836463.516100,b,l,201806010701
7551.500000,0.005000,1527836465.411000,b,l,201806010701
7551.500000,0.005000,1527836468.698700,b,l,201806010701
7551.500000,0.005000,1527836471.622400,b,l,201806010701
7551.500000,0.005000,1527836473.598600,b,l,201806010701
7551.500000,0.005000,1527836474.889300,b,l,201806010701
7551.500000,0.005000,1527836476.697000,b,l,201806010701
7551.500000,0.005000,1527836478.391500,b,l,201806010701
7551.500000,0.005000,1527836482.353400,b,l,201806010701
7551.500000,0.005000,1527836483.046400,b,l,201806010701
7551.500000,0.005000,1527836484.937600,b,l,201806010701
7551.500000,0.005000,1527836486.696100,b,l,201806010701
7551.500000,0.005000,1527836488.867500,b,l,201806010701
7550.200000,0.005000,1527836491.053700,b,l,201806010701
7550.100000,0.005000,1527836492.763700,b,l,201806010701
7550.100000,0.005000,1527836495.342900,b,l,201806010701
7550.100000,0.005000,1527836496.671900,b,l,201806010701
7550.100000,0.005000,1527836498.655600,b,l,201806010701
7550.100000,0.005000,1527836500.726800,b,l,201806010701
7544.900000,0.139600,1527836501.026600,s,m,201806010701
7550.100000,0.005000,1527836502.656400,b,l,201806010701
7550.100000,0.005000,1527836504.953900,b,l,201806010701
7551.500000,0.005000,1527836506.743000,b,l,201806010701
7549.700000,0.005000,1527836510.370500,b,l,201806010701
7549.700000,0.005000,1527836510.774900,b,l,201806010701
7549.700000,0.005000,1527836512.830100,b,l,201806010701
7549.700000,0.005000,1527836515.548800,b,l,201806010701
7549.700000,0.005000,1527836517.646300,b,l,201806010701
7549.700000,0.005000,1527836518.824900,b,l,201806010701
7549.700000,0.005000,1527836521.673900,b,l,201806010702
7549.700000,0.005000,1527836522.967300,b,l,201806010702
7549.700000,0.005000,1527836527.468100,b,l,201806010702
7549.700000,0.005000,1527836527.828000,b,l,201806010702
7549.700000,0.005000,1527836530.288500,b,l,201806010702
7549.700000,0.005000,1527836532.549300,b,l,201806010702
7549.700000,0.005000,1527836533.894900,b,l,201806010702
7549.700000,0.005000,1527836536.476000,b,l,201806010702
7549.700000,0.005000,1527836539.836700,b,l,201806010702
7551.500000,0.005000,1527836541.349300,b,l,201806010702
7551.500000,0.005000,1527836542.288400,b,l,201806010702
7551.400000,0.005000,1527836545.431000,b,l,201806010702
7551.400000,0.005000,1527836546.621800,b,l,201806010702
7550.300000,0.005000,1527836549.113600,b,l,201806010702
7550.300000,0.005000,1527836550.200700,b,l,201806010702
7550.300000,0.005000,1527836553.221600,b,l,201806010702
7551.400000,0.000016,1527836554.411200,b,l,201806010702
7551.500000,0.004984,1527836554.415500,b,l,201806010702
7551.500000,0.005000,1527836556.250200,b,l,201806010702
7551.500000,0.005000,1527836558.200000,b,l,201806010702
7550.400000,0.005000,1527836561.989900,b,l,201806010702
7550.400000,0.005000,1527836562.549200,b,l,201806010702
7550.400000,0.005000,1527836565.065300,b,l,201806010702
7550.400000,0.005000,1527836566.391500,b,l,201806010702
7550.400000,0.005000,1527836569.514400,b,l,201806010702
7550.400000,0.005000,1527836570.387200,b,l,201806010702
7550.400000,0.005000,1527836574.871100,b,l,201806010702
7550.400000,0.005000,1527836575.268500,b,l,201806010702
7550.400000,0.005000,1527836577.631100,b,l,201806010702
7551.500000,0.005000,1527836579.903100,b,l,201806010702
7551.500000,0.005000,1527836581.728200,b,l,201806010703
7551.500000,0.005000,1527836583.321900,b,l,201806010703
7551.500000,0.005000,1527836586.792500,b,l,201806010703
7551.500000,0.005000,1527836590.033800,b,l,201806010703
7551.500000,0.005000,1527836590.912300,b,l,201806010703
7551.500000,0.005000,1527836593.060000,b,l,201806010703
7551.500000,0.005000,1527836594.707400,b,l,201806010703
7551.500000,0.005000,1527836597.050900,b,l,201806010703
7551.500000,0.005000,1527836598.625400,b,l,201806010703
7551.500000,0.005000,1527836600.931100,b,l,201806010703
7551.500000,0.005000,1527836602.905700,b,l,201806010703
7551.500000,0.005000,1527836604.923900,b,l,201806010703
7551.500000,0.005000,1527836606.640800,b,l,201806010703
7551.500000,0.005000,1527836608.739000,b,l,201806010703
7551.500000,0.005000,1527836611.874500,b,l,201806010703
7555.800000,0.005000,1527836614.387900,b,l,201806010703
7555.800000,0.005000,1527836615.880800,b,l,201806010703
7555.000000,0.005000,1527836617.017800,b,l,201806010703
7555.800000,0.005000,1527836619.178400,b,l,201806010703
7555.800000,0.005000,1527836622.022800,b,l,201806010703
7555.000000,0.005000,1527836624.104000,b,l,201806010703
7555.000000,0.005000,1527836625.906900,b,l,201806010703
7555.800000,0.005000,1527836627.133000,b,l,201806010703
7556.700000,0.005000,1527836629.067500,b,l,201806010703
7556.700000,0.005000,1527836631.681100,b,l,201806010703
7556.700000,0.005000,1527836634.415600,b,l,201806010703
7556.700000,0.005000,1527836635.102600,b,l,201806010703
7556.700000,0.005000,1527836637.431000,b,l,201806010703
7556.700000,0.005000,1527836639.480700,b,l,201806010703
7556.700000,0.005000,1527836641.084600,b,l,201806010704
7556.700000,0.005000,1527836643.580000,b,l,201806010704
7556.700000,0.005000,1527836646.277700,b,l,201806010704
7556.700000,0.005000,1527836648.009300,b,l,201806010704
7556.600000,0.005000,1527836649.550100,b,l,201806010704
7556.500000,0.005000,1527836651.277400,b,l,201806010704
7556.500000,0.005000,1527836653.564900,b,l,201806010704
7556.500000,0.005000,1527836655.150100,b,l,201806010704
7556.400000,0.005000,1527836657.242800,b,l,201806010704
7556.400000,0.005000,1527836659.417100,b,l,201806010704
7556.400000,0.005000,1527836661.182400,b,l,201806010704
7556.400000,0.005000,1527836662.966300,b,l,201806010704
7556.400000,0.005000,1527836665.109900,b,l,201806010704
7556.400000,0.005000,1527836667.113100,b,l,201806010704
7556.400000,0.005000,1527836669.431300,b,l,201806010704
7556.400000,0.005000,1527836671.178900,b,l,201806010704
7556.400000,0.005000,1527836673.491600,b,l,201806010704
7556.400000,0.133392,1527836674.806800,b,l,201806010704
7556.400000,0.032608,1527836674.814400,b,l,201806010704
7556.400000,0.000000,1527836734.814400,b,l,201806010705
7556.400000,0.062315,1527836804.504300,b,l,201806010706
7556.700000,0.010485,1527836804.512000,b,l,201806010706
7556.700000,0.069800,1527836804.919700,b,l,201806010706
7548.000000,0.251800,1527836809.137000,s,l,201806010706
7556.300000,0.005000,1527836812.572900,b,l,201806010706
7556.300000,0.102659,1527836813.201200,b,l,201806010706
7556.700000,0.125141,1527836813.205600,b,l,201806010706
7556.600000,0.005000,1527836814.575000,b,l,201806010706
7556.600000,0.045700,1527836814.674300,b,l,201806010706
7556.700000,0.061485,1527836814.678000,b,l,201806010706
7556.700000,0.005000,1527836817.199200,b,l,201806010706
7556.700000,0.005000,1527836819.564700,b,l,201806010706
7556.700000,0.005000,1527836820.923100,b,l,201806010707
7556.700000,0.005000,1527836822.930800,b,l,201806010707
7556.700000,0.005000,1527836826.499900,b,l,201806010707
7556.700000,0.005000,1527836827.074300,b,l,201806010707
7556.700000,0.005000,1527836829.429800,b,l,201806010707
7556.700000,0.005000,1527836831.458600,b,l,201806010707
7556.700000,0.005000,1527836835.540800,b,l,201806010707
7549.100000,0.047400,1527836836.528900,s,l,201806010707
7560.300000,0.005000,1527836837.816900,b,l,201806010707
7560.200000,0.005000,1527836839.272400,b,l,201806010707
7559.900000,0.005000,1527836841.425500,b,l,201806010707
7559.800000,0.000010,1527836842.274600,b,m,201806010707
7559.800000,0.005000,1527836843.520100,b,l,201806010707
7556.300000,0.005000,1527836845.097000,b,l,201806010707
7559.800000,0.005000,1527836847.410200,b,l,201806010707
7559.700000,0.005000,1527836850.125900,b,l,201806010707
7559.700000,0.005000,1527836852.135400,b,l,201806010707
7559.700000,0.005000,1527836853.542800,b,l,201806010707
7561.700000,0.005000,1527836855.277200,b,l,201806010707
7560.000000,0.005000,1527836857.994000,b,l,201806010707
7561.600000,0.005000,1527836860.117700,b,l,201806010707
7560.500000,0.002368,1527836862.774800,b,l,201806010707
7560.700000,0.002632,1527836862.777600,b,l,201806010707
7560.700000,0.005000,1527836864.437800,b,l,201806010707
7560.000000,0.005000,1527836866.742900,b,l,201806010707
7560.600000,0.005000,1527836870.385400,b,l,201806010707
7560.900000,0.005000,1527836872.635500,b,l,201806010707
7560.500000,0.231632,1527836873.752500,b,l,201806010707
7560.900000,2.785000,1527836873.756200,b,l,201806010707
7561.700000,0.542607,1527836873.759200,b,l,201806010707
7561.700000,2.344465,1527836873.789000,s,l,201806010707
7560.100000,0.515535,1527836873.792700,s,l,201806010707
7563.800000,0.005000,1527836875.950200,b,l,201806010707
7563.700000,0.005000,1527836877.224500,b,l,201806010707
7563.700000,0.005000,1527836878.820400,b,l,201806010707
7563.700000,0.221632,1527836879.287600,b,l,201806010707
7563.800000,2.785000,1527836879.292900,b,l,201806010707
7564.200000,0.003749,1527836879.295500,b,l,201806010707
7565.800000,0.018359,1527836879.298800,b,l,201806010707
7572.400000,0.005000,1527836880.973500,b,l,201806010708
7572.400000,0.005000,1527836883.091600,b,l,201806010708
7572.300000,0.025100,1527836883.236300,s,l,201806010708
7572.300000,0.527600,1527836883.834900,s,l,201806010708
7572.400000,0.005000,1527836884.658900,b,l,201806010708
7572.300000,0.231632,1527836885.091000,s,l,201806010708
7572.300000,0.011600,1527836885.177900,s,l,201806010708
7572.400000,0.005000,1527836887.253800,b,l,201806010708
7572.300000,0.030000,1527836888.138100,s,l,201806010708
7572.400000,0.005000,1527836888.711800,b,l,201806010708
7572.400000,0.005000,1527836890.755800,b,l,201806010708
7572.400000,0.000300,1527836890.839700,b,m,201806010708
7572.400000,0.005000,1527836892.823700,b,l,201806010708
7576.800000,0.005000,1527836896.541900,b,l,201806010708
7576.800000,0.005000,1527836897.537500,b,l,201806010708
7572.500000,0.019303,1527836905.791900,s,l,201806010708
7572.500000,0.161734,1527836907.574900,s,l,201806010708
7572.500000,0.318963,1527836907.581700,s,l,201806010708
7565.900000,0.050000,1527836933.256700,s,m,201806010708
7566.200000,0.042120,1527836934.154200,s,m,201806010708
7566.200000,0.021600,1527836934.165900,s,m,201806010708
7566.200000,0.014985,1527836934.171000,s,m,201806010708
7571.800000,0.013491,1527836936.252100,b,l,201806010708
7571.800000,0.080509,1527836936.255700,b,l,201806010708
7571.700000,0.093263,1527836940.992000,b,l,201806010709
7572.000000,0.800000,1527836940.996500,b,l,201806010709
7573.900000,0.093157,1527836941.006600,b,l,201806010709
7573.000000,0.148100,1527836944.294900,b,l,201806010709
7573.900000,0.015400,1527836952.055100,b,l,201806010709
7573.900000,0.002500,1527836952.331500,b,l,201806010709
7573.900000,0.003000,1527836952.466700,b,l,201806010709
7573.900000,0.148100,1527836953.665400,b,l,201806010709
7573.900000,0.037000,1527836955.038000,b,l,201806010709
7573.800000,0.020000,1527836956.303000,s,l,201806010709
7573.900000,0.231900,1527836957.095500,b,l,201806010709
7573.900000,0.047300,1527836957.473100,b,l,201806010709
7573.900000,0.059000,1527836960.325700,b,l,201806010709
7573.800000,0.231900,1527836964.289500,b,l,201806010709
7573.800000,0.148000,1527836964.533800,b,l,201806010709
7571.700000,0.148100,1527836966.327700,b,l,201806010709
7571.700000,0.148100,1527836967.438000,b,l,201806010709
7571.600000,0.005000,1527836984.207200,b,l,201806010709
7571.600000,0.005000,1527836986.129900,b,l,201806010709
7571.600000,0.005000,1527836987.317800,b,l,201806010709
7571.600000,0.005000,1527836989.587600,b,l,201806010709
7571.700000,0.005000,1527836991.471900,b,l,201806010709
7571.700000,0.005000,1527836993.820000,b,l,201806010709
7571.700000,0.046554,1527836994.371500,b,l,201806010709
7572.600000,0.005000,1527836995.418200,b,l,201806010709
7572.600000,0.005446,1527836996.133000,b,l,201806010709
7572.600000,0.005000,1527836997.431000,b,l,201806010709
7573.800000,0.090500,1527836998.033900,b,l,201806010709
7571.600000,0.002900,1527836998.747600,b,l,201806010709
7571.600000,0.005000,1527836999.488800,b,l,201806010709
7573.800000,0.005000,1527837001.620000,b,l,201806010710
7573.200000,0.005000,1527837003.532000,b,l,201806010710
7573.200000,0.005000,1527837005.696800,b,l,201806010710
7573.200000,0.005000,1527837007.945100,b,l,201806010710
7573.800000,0.003403,1527837009.768300,b,l,201806010710
7576.200000,0.001597,1527837009.773100,b,l,201806010710
7576.000000,0.005000,1527837013.337000,b,l,201806010710
7580.000000,2.790000,1527837042.080300,b,l,201806010710
7581.800000,4.500000,1527837052.578700,b,l,201806010710
7582.300000,0.042549,1527837052.592200,b,l,201806010710
7582.300000,0.000051,1527837052.594800,b,l,201806010710
7582.300000,0.000000,1527837052.597000,b,l,201806010710
7585.200000,0.200000,1527837052.599500,b,l,201806010710
7585.200000,0.200000,1527837052.602000,b,l,201806010710
7586.700000,2.790000,1527837052.605300,b,l,201806010710
7587.900000,1.000000,1527837052.608500,b,l,201806010710
7588.000000,0.050000,1527837052.611600,b,l,201806010710
7588.500000,0.310000,1527837052.615000,b,l,201806010710
7588.800000,1.247542,1527837053.987800,s,l,201806010710
7582.100000,0.016360,1527837056.656300,s,m,201806010710
7582.100000,0.003000,1527837057.978900,b,l,201806010710
7584.900000,0.065805,1527837058.104900,b,l,201806010710
7588.600000,1.500000,1527837058.846500,b,l,201806010710
7590.000000,0.039000,1527837060.348900,b,l,201806010711
7590.000000,0.015000,1527837060.354500,b,l,201806010711
7590.000000,0.070000,1527837060.358900,b,l,201806010711
7590.000000,0.500000,1527837060.363600,b,l,201806010711
7590.000000,0.100000,1527837060.376400,b,l,201806010711
7593.600000,0.013400,1527837060.380900,b,l,201806010711
7593.700000,0.262600,1527837060.383700,b,l,201806010711
7589.200000,0.021142,1527837060.663000,s,m,201806010711
7589.200000,0.000046,1527837060.665400,s,m,201806010711
7589.200000,0.000000,1527837060.667400,s,m,201806010711
7593.700000,0.164400,1527837067.837900,b,l,201806010711
7594.000000,0.679291,1527837067.841400,b,l,201806010711
7594.000000,0.000809,1527837067.843700,b,l,201806010711
7594.400000,0.005900,1527837067.846800,b,l,201806010711
7594.500000,0.500000,1527837067.850500,b,l,201806010711
7595.000000,0.200000,1527837067.855400,b,l,201806010711
7595.000000,0.565000,1527837067.858800,b,l,201806010711
7595.700000,0.347113,1527837067.861400,b,l,201806010711
7595.700000,0.084850,1527837067.864400,b,l,201806010711
7597.800000,0.030000,1527837068.261100,s,l,201806010711
7593.700000,0.100000,1527837068.723700,s,l,201806010711
7593.700000,0.100000,1527837069.117500,s,l,201806010711
7593.700000,0.030000,1527837069.594300,s,l,201806010711
7593.700000,0.100000,1527837070.387100,s,l,201806010711
7593.700000,0.030000,1527837070.598300,s,l,201806010711
7595.300000,0.065200,1527837070.888800,s,l,201806010711
7595.300000,0.031714,1527837072.019600,s,m,201806010711
7595.300000,0.000070,1527837072.021900,s,m,201806010711
7595.300000,0.000000,1527837072.024000,s,m,201806010711
7595.300000,0.054000,1527837073.507600,s,l,201806010711
7595.300000,0.248000,1527837073.849700,s,l,201806010711
7597.600000,0.005000,1527837085.904700,b,l,201806010711
7597.600000,0.005000,1527837086.925000,b,l,201806010711
7597.600000,0.005000,1527837089.044300,b,l,201806010711
7597.500000,0.005000,1527837095.719200,b,l,201806010711
7596.000000,0.163882,1527837097.121100,s,l,201806010711
7596.000000,0.245000,1527837097.124500,s,l,201806010711
7596.000000,0.080509,1527837097.126600,s,l,201806010711
7596.000000,0.010609,1527837097.128600,s,l,201806010711
7590.400000,0.005000,1527837099.911400,b,l,201806010711
7590.300000,1.731822,1527837102.282100,s,l,201806010711
7590.300000,2.268178,1527837102.289700,s,l,201806010711
7590.400000,0.005000,1527837103.525900,b,l,201806010711
7588.800000,0.220000,1527837105.662200,s,l,201806010711
7583.500000,0.979006,1527837105.665900,s,l,201806010711
7585.100000,0.965888,1527837110.024000,b,m,201806010711
7583.500000,0.100000,1527837129.191900,s,m,201806010712
7577.600000,0.439847,1527837129.198400,s,m,201806010712
7588.500000,0.032102,1527837140.761500,b,l,201806010712
7595.700000,0.005000,1527837142.889800,b,l,201806010712
7595.600000,0.005000,1527837145.311200,b,l,201806010712
7595.500000,0.005000,1527837147.863100,b,l,201806010712
7595.100000,1.000000,1527837172.823000,b,m,201806010712
7587.800000,0.010000,1527837202.647100,s,l,201806010713
7584.700000,0.012214,1527837209.568700,s,m,201806010713
7579.300000,0.330101,1527837209.603800,s,m,201806010713
7579.300000,0.000856,1527837209.606400,s,m,201806010713
7585.000000,0.002000,1527837218.585900,b,m,201806010713
7583.200000,0.021038,1527837238.325600,b,l,201806010713
7583.200000,0.500000,1527837238.328800,b,l,201806010713
7575.300000,0.267321,1527837252.782000,s,l,201806010714
7575.300000,0.100000,1527837252.791100,s,l,201806010714
7575.300000,0.005000,1527837252.793100,s,l,201806010714
7575.300000,0.005000,1527837252.795300,s,l,201806010714
7575.300000,0.005000,1527837252.797700,s,l,201806010714
7575.300000,0.005000,1527837252.799800,s,l,201806010714
7575.300000,0.005000,1527837252.802300,s,l,201806010714
7575.300000,0.005000,1527837252.804400,s,l,201806010714
7575.300000,0.005000,1527837252.806500,s,l,201806010714
7575.300000,0.097679,1527837252.808600,s,l,201806010714
7579.900000,0.013500,1527837291.255400,b,l,201806010714
7579.900000,0.005401,1527837291.269400,b,l,201806010714
7581.800000,0.002006,1527837296.217400,s,m,201806010714
7582.000000,0.011593,1527837300.098200,b,l,201806010715
7582.000000,0.100000,1527837301.356800,b,m,201806010715
7580.300000,0.004780,1527837320.384100,b,l,201806010715
7581.000000,0.000220,1527837320.387000,b,l,201806010715
7580.200000,0.005000,1527837322.022200,b,l,201806010715
7580.200000,0.005000,1527837323.896900,b,l,201806010715
7580.200000,0.005000,1527837326.362200,b,l,201806010715
7580.200000,0.005000,1527837328.115600,b,l,201806010715
7580.200000,0.005000,1527837329.819200,b,l,201806010715
7579.900000,0.005000,1527837331.770200,b,l,201806010715
7579.900000,0.005000,1527837337.498500,b,l,201806010715
7580.800000,0.005000,1527837339.774900,b,l,201806010715
7580.800000,0.004406,1527837340.577000,b,l,201806010715
7584.800000,0.000594,1527837340.582400,b,l,201806010715
7584.800000,0.005000,1527837343.767300,b,l,201806010715
7579.600000,0.005000,1527837345.450000,b,l,201806010715
7584.800000,0.005000,1527837346.909300,b,l,201806010715
7584.400000,0.005000,1527837348.639900,b,l,201806010715
7584.100000,0.005000,1527837350.567000,b,l,201806010715
7584.700000,0.003610,1527837352.669100,b,l,201806010715
7584.800000,0.001390,1527837352.684400,b,l,201806010715
7584.800000,0.005000,1527837354.566400,b,l,201806010715
7591.600000,0.020404,1527837356.355700,b,m,201806010715
7592.900000,0.154400,1527837356.367800,b,m,201806010715
7593.000000,1.000000,1527837356.371400,b,m,201806010715
7593.300000,0.325196,1527837356.374800,b,m,201806010715
7589.800000,0.005000,1527837356.610000,b,l,201806010715
7589.800000,0.005000,1527837359.287400,b,l,201806010715
7589.800000,0.005000,1527837360.683100,b,l,201806010716
7588.300000,0.005000,1527837362.646200,b,l,201806010716
7588.100000,0.005000,1527837365.792300,b,l,201806010716
7588.100000,0.005000,1527837367.807800,b,l,201806010716
7588.100000,0.005000,1527837369.304900,b,l,201806010716
7588.100000,0.005000,1527837370.667700,b,l,201806010716
7588.000000,0.005000,1527837373.534600,b,l,201806010716
7588.000000,0.005000,1527837374.809000,b,l,201806010716
7588.000000,0.005000,1527837378.017900,b,l,201806010716
7588.100000,0.005000,1527837379.305900,b,l,201806010716
7588.100000,0.005000,1527837381.377200,b,l,201806010716
7587.900000,0.005000,1527837382.913800,b,l,201806010716
7586.000000,0.005000,1527837386.400000,b,l,201806010716
7580.100000,0.004328,1527837409.049200,b,l,201806010716
7582.600000,0.000672,1527837409.059000,b,l,201806010716
7584.400000,0.005000,1527837434.235400,b,l,201806010717
7584.400000,0.000226,1527837436.500400,b,l,201806010717
7587.700000,0.004774,1527837436.505000,b,l,201806010717
7587.700000,0.005000,1527837438.886900,b,l,201806010717
7588.000000,0.002703,1527837440.798900,b,l,201806010717
7588.100000,0.002297,1527837440.803300,b,l,201806010717
7587.600000,0.005000,1527837442.157700,b,l,201806010717
7587.400000,0.005000,1527837444.818200,b,l,201806010717
7587.600000,0.005000,1527837448.503900,b,l,201806010717
7587.600000,0.003695,1527837449.542900,b,l,201806010717
7588.100000,0.001305,1527837449.547300,b,l,201806010717
7586.900000,0.005000,1527837450.985600,b,l,201806010717
7588.100000,0.005000,1527837453.568900,b,l,201806010717
7587.100000,0.005000,1527837455.345100,b,l,201806010717
7586.900000,0.005000,1527837457.462000,b,l,201806010717
7586.900000,0.005000,1527837459.436500,b,l,201806010717
7586.900000,0.005000,1527837461.095800,b,l,201806010717
7586.800000,0.005000,1527837465.001300,b,l,201806010717
7586.800000,0.005000,1527837465.799000,b,l,201806010717
7586.800000,0.005000,1527837467.761700,b,l,201806010717
7587.300000,0.005000,1527837501.051300,b,l,201806010718
7580.300000,0.035446,1527837503.471600,s,m,201806010718
7580.000000,0.464554,1527837503.480100,s,m,201806010718
7586.900000,0.005000,1527837504.413500,b,l,201806010718
7586.900000,0.005000,1527837506.698400,b,l,201806010718
7586.900000,0.005000,1527837509.119400,b,l,201806010718
7586.800000,0.005000,1527837510.586400,b,l,201806010718
7580.000000,0.665940,1527837562.795000,s,m,201806010719
7580.000000,0.003000,1527837571.692100,s,l,201806010719
7580.000000,0.738808,1527837579.992700,s,m,201806010719
7570.200000,1.261192,1527837580.011100,s,m,201806010719
7580.200000,0.008103,1527837583.870300,b,l,201806010719
7578.900000,0.000000,1527837643.870300,b,l,201806010720
7578.900000,0.005000,1527837680.489900,b,l,201806010721
7579.100000,0.005000,1527837683.135000,b,l,201806010721
7579.000000,0.005000,1527837685.888800,b,l,201806010721
7579.700000,0.003730,1527837690.354200,b,l,201806010721
7579.800000,0.001270,1527837690.397600,b,l,201806010721
7579.700000,0.005000,1527837695.489300,b,l,201806010721
7577.200000,0.005000,1527837697.207700,b,l,201806010721
7572.900000,0.005000,1527837697.742200,s,l,201806010721
7572.900000,0.010300,1527837697.744900,s,l,201806010721
7577.200000,0.005000,1527837699.823700,b,l,201806010721
7577.100000,0.005000,1527837701.534900,b,l,201806010721
7577.100000,0.005000,1527837705.514300,b,l,201806010721
7577.000000,0.005000,1527837707.074300,b,l,201806010721
7572.400000,0.031600,1527837727.845600,s,l,201806010722
7576.500000,0.005000,1527837730.324800,b,l,201806010722
7576.400000,0.005000,1527837732.188400,b,l,201806010722
7576.400000,0.005000,1527837734.650800,b,l,201806010722
7576.400000,0.005000,1527837736.179900,b,l,201806010722
7579.200000,0.005000,1527837740.030100,b,l,201806010722
7578.000000,0.005000,1527837740.834800,b,l,201806010722
7577.900000,0.005000,1527837744.076300,b,l,201806010722
7577.800000,0.005000,1527837745.581600,b,l,201806010722
7577.800000,0.000190,1527837747.148600,b,l,201806010722
7577.900000,0.004810,1527837747.153500,b,l,201806010722
7579.700000,0.002746,1527837748.731800,b,l,201806010722
7579.800000,0.002254,1527837748.736400,b,l,201806010722
7579.100000,0.005000,1527837750.586900,b,l,201806010722
7577.800000,0.002050,1527837752.700400,b,l,201806010722
7578.000000,0.002950,1527837752.713700,b,l,201806010722
7577.600000,0.005000,1527837754.766900,b,l,201806010722
7580.000000,0.005000,1527837757.568300,b,l,201806010722
7580.000000,0.005000,1527837759.210800,b,l,201806010722
7580.000000,0.005000,1527837762.297600,b,l,201806010722
7579.000000,0.003948,1527837763.238100,b,l,201806010722
7579.900000,0.001052,1527837763.262700,b,l,201806010722
7579.900000,0.005000,1527837765.184800,b,l,201806010722
7579.900000,0.005000,1527837767.331800,b,l,201806010722
7579.900000,0.005000,1527837769.161600,b,l,201806010722
7579.000000,0.005000,1527837770.731600,b,l,201806010722
7578.900000,0.003520,1527837776.293000,b,l,201806010722
7579.900000,0.001480,1527837776.298100,b,l,201806010722
7579.800000,0.005000,1527837778.533600,b,l,201806010722
7578.900000,0.005000,1527837780.779900,b,l,201806010723
7578.900000,0.005000,1527837782.090500,b,l,201806010723
7575.700000,0.005000,1527837783.562500,b,l,201806010723
7579.800000,0.005000,1527837785.655900,b,l,201806010723
7579.900000,0.005000,1527837787.979400,b,l,201806010723
7575.100000,0.005000,1527837789.580600,b,l,201806010723
7579.800000,0.005000,1527837791.637000,b,l,201806010723
7576.300000,0.005000,1527837794.646600,b,l,201806010723
7576.300000,0.005000,1527837796.961200,b,l,201806010723
7576.200000,0.005000,1527837799.246400,b,l,201806010723
7576.200000,0.005000,1527837801.035400,b,l,201806010723
7576.200000,0.005000,1527837803.344300,b,l,201806010723
7576.300000,0.005000,1527837804.591700,b,l,201806010723
7578.400000,0.005000,1527837806.360600,b,l,201806010723
7579.900000,0.005000,1527837808.406100,b,l,201806010723
7579.800000,0.005000,1527837810.799100,b,l,201806010723
7579.800000,0.005000,1527837812.785200,b,l,201806010723
7578.100000,0.005000,1527837814.363900,b,l,201806010723
7578.100000,0.005000,1527837816.455600,b,l,201806010723
7578.000000,0.005000,1527837819.577600,b,l,201806010723
7578.000000,0.001564,1527837821.104800,b,l,201806010723
7578.100000,0.003436,1527837821.111400,b,l,201806010723
7577.900000,0.005000,1527837822.714700,b,l,201806010723
7577.900000,0.005000,1527837824.838800,b,l,201806010723
7576.800000,0.005000,1527837826.940000,b,l,201806010723
7576.800000,0.005000,1527837830.680200,b,l,201806010723
7576.700000,0.005000,1527837832.786100,b,l,201806010723
7576.600000,0.005000,1527837834.684200,b,l,201806010723
7576.600000,0.005000,1527837837.034300,b,l,201806010723
7576.000000,0.005000,1527837838.637900,b,l,201806010723
7576.500000,0.005000,1527837842.581100,b,l,201806010724
7576.500000,0.005000,1527837843.677100,b,l,201806010724
7571.500000,0.500000,1527837844.874500,s,m,201806010724
7576.500000,0.005000,1527837845.272700,b,l,201806010724
7576.300000,0.005000,1527837848.673400,b,l,201806010724
7576.000000,0.005000,1527837855.225300,b,l,201806010724
7576.600000,0.005000,1527837858.929200,b,l,201806010724
7575.900000,0.005000,1527837861.825400,b,l,201806010724
7575.900000,0.005000,1527837862.907800,b,l,201806010724
7575.900000,0.005000,1527837865.460800,b,l,201806010724
7578.200000,0.005000,1527837867.065000,b,l,201806010724
7578.200000,0.005000,1527837869.785800,b,l,201806010724
7578.200000,0.005000,1527837871.576500,b,l,201806010724
7578.500000,0.005000,1527837873.571200,b,l,201806010724
7577.900000,0.005000,1527837874.773300,b,l,201806010724
7577.900000,0.005000,1527837876.930000,b,l,201806010724
7580.000000,0.005000,1527837878.736000,b,l,201806010724
7580.000000,0.005000,1527837881.529600,b,l,201806010724
7574.100000,0.002003,1527837898.385700,s,m,201806010724
7580.000000,0.005000,1527837904.852300,b,l,201806010725
7574.900000,0.080400,1527837905.756700,s,l,201806010725
7580.000000,0.005000,1527837906.251700,b,l,201806010725
7576.700000,0.002500,1527837906.524300,s,l,201806010725
7580.000000,0.020000,1527837911.017900,b,l,201806010725
7581.600000,0.002900,1527837911.977800,s,l,201806010725
7582.100000,0.041564,1527837919.515700,b,l,201806010725
7582.200000,0.011743,1527837923.664600,b,l,201806010725
7584.500000,0.005000,1527837949.950800,b,l,201806010725
7587.100000,0.005000,1527837954.199900,b,l,201806010725
7584.400000,0.005000,1527837957.378600,b,l,201806010725
7584.400000,0.002229,1527837961.065700,b,l,201806010726
7587.000000,0.002771,1527837961.075700,b,l,201806010726
7586.900000,0.005000,1527837964.512900,b,l,201806010726
7586.800000,0.005000,1527837967.679100,b,l,201806010726
7586.800000,0.005000,1527837969.600300,b,l,201806010726
7587.100000,0.002500,1527837973.100600,b,l,201806010726
7587.100000,0.002500,1527837973.110800,b,l,201806010726
7587.100000,0.005000,1527837976.345500,b,l,201806010726
7587.100000,0.005000,1527837978.201700,b,l,201806010726
7587.100000,0.005000,1527837981.190700,b,l,201806010726
7587.200000,0.005000,1527837983.621200,b,l,201806010726
7587.200000,0.004190,1527837985.129600,b,l,201806010726
7587.300000,0.000810,1527837985.136300,b,l,201806010726
7587.300000,0.005000,1527837986.810800,b,l,201806010726
7587.300000,0.005000,1527837988.981200,b,l,201806010726
7587.300000,0.005000,1527837991.122700,b,l,201806010726
7587.100000,0.005000,1527837993.382300,b,l,201806010726
7587.300000,0.005000,1527837995.247500,b,l,201806010726
7587.200000,0.005000,1527837996.810300,b,l,201806010726
7587.200000,0.005000,1527837999.077700,b,l,201806010726
7587.300000,0.005000,1527838001.319000,b,l,201806010726
7587.300000,0.036011,1527838014.501900,b,l,201806010726
7587.300000,0.010000,1527838014.505100,b,l,201806010726
7587.300000,0.010000,1527838014.507700,b,l,201806010726
7587.300000,0.010000,1527838014.510300,b,l,201806010726
7587.300000,0.010000,1527838014.512900,b,l,201806010726
7587.300000,0.011145,1527838014.515400,b,l,201806010726
7587.300000,0.087035,1527838014.517900,b,l,201806010726
7584.800000,0.230000,1527838062.563200,s,m,201806010727
7582.000000,0.306480,1527838062.569000,s,m,201806010727
7582.000000,0.050000,1527838063.807500,s,m,201806010727
7588.900000,0.005000,1527838071.571900,b,l,201806010727
7588.900000,0.005000,1527838074.181100,b,l,201806010727
7583.300000,0.197640,1527838084.816000,s,m,201806010728
7588.700000,0.004000,1527838085.874100,b,l,201806010728
7588.700000,0.005000,1527838091.227300,b,l,201806010728
7588.700000,0.005000,1527838096.276300,b,l,201806010728
7588.600000,0.005000,1527838098.665700,b,l,201806010728
7588.600000,0.005000,1527838102.163100,b,l,201806010728
7588.400000,0.005000,1527838105.285000,b,l,201806010728
7585.900000,0.005000,1527838107.907700,b,l,201806010728
7585.900000,0.005000,1527838109.918900,b,l,201806010728
7585.900000,0.005000,1527838111.416900,b,l,201806010728
7585.900000,0.005000,1527838113.311500,b,l,201806010728
7585.900000,0.005000,1527838116.741900,b,l,201806010728
7585.900000,0.005000,1527838117.447700,b,l,201806010728
7585.900000,0.005000,1527838119.277000,b,l,201806010728
7585.900000,0.005000,1527838121.594000,b,l,201806010728
7585.900000,0.005000,1527838124.433600,b,l,201806010728
7585.900000,0.005000,1527838125.564100,b,l,201806010728
7585.900000,0.005000,1527838128.827500,b,l,201806010728
7585.900000,0.005000,1527838130.498200,b,l,201806010728
7585.900000,0.005000,1527838131.819400,b,l,201806010728
7585.900000,0.005000,1527838134.548900,b,l,201806010728
7585.900000,0.005000,1527838135.939500,b,l,201806010728
7585.900000,0.005000,1527838138.072100,b,l,201806010728
7585.900000,0.005000,1527838140.275700,b,l,201806010729
7585.900000,0.005000,1527838141.946100,b,l,201806010729
7585.900000,0.005000,1527838144.211000,b,l,201806010729
7585.900000,0.005000,1527838145.521400,b,l,201806010729
7585.900000,0.005000,1527838147.906000,b,l,201806010729
7585.900000,0.005000,1527838150.188200,b,l,201806010729
7585.900000,0.005000,1527838152.470600,b,l,201806010729
7585.900000,0.005000,1527838154.018900,b,l,201806010729
7585.900000,0.005000,1527838158.911800,b,l,201806010729
7585.900000,0.005000,1527838168.272200,b,l,201806010729
7585.900000,0.005000,1527838168.658900,b,l,201806010729
7585.900000,0.005000,1527838170.720700,b,l,201806010729
7585.900000,0.005000,1527838172.772700,b,l,201806010729
7585.900000,0.005000,1527838174.598100,b,l,201806010729
7588.300000,0.010970,1527838174.604900,b,l,201806010729
7589.800000,0.008343,1527838174.607600,b,l,201806010729
7590.000000,0.100000,1527838174.610500,b,l,201806010729
7595.000000,0.099960,1527838174.613900,b,l,201806010729
7595.000000,0.000000,1527838174.616000,b,l,201806010729
7595.000000,0.005000,1527838174.618700,b,l,201806010729
7595.600000,0.014179,1527838174.622100,b,l,201806010729
7596.000000,0.001996,1527838174.624700,b,l,201806010729
7596.000000,0.000005,1527838174.627300,b,l,201806010729
7596.000000,0.000000,1527838174.629400,b,l,201806010729
7596.000000,0.080846,1527838174.631000,b,l,201806010729
7585.800000,0.010000,1527838174.638400,s,m,201806010729
7596.000000,0.005000,1527838175.653900,b,l,201806010729
7596.000000,0.005000,1527838176.737000,b,l,201806010729
7595.900000,0.005000,1527838179.093300,b,l,201806010729
7595.900000,0.005000,1527838180.791900,b,l,201806010729
7595.900000,0.000500,1527838182.706600,b,l,201806010729
7596.000000,0.004500,1527838182.712800,b,l,201806010729
7596.000000,0.005000,1527838184.848000,b,l,201806010729
7596.000000,0.005000,1527838187.356000,b,l,201806010729
7587.300000,0.100000,1527838187.510500,s,m,201806010729
7596.000000,0.005000,1527838189.202500,b,l,201806010729
7596.000000,0.005000,1527838191.016500,b,l,201806010729
7596.000000,0.005000,1527838193.212400,b,l,201806010729
7595.900000,0.005000,1527838196.557100,b,l,201806010729
7595.900000,0.005000,1527838197.187600,b,l,201806010729
7595.900000,0.005000,1527838199.053700,b,l,201806010729
7595.300000,0.005000,1527838201.392500,b,l,201806010730
7596.000000,0.005000,1527838205.251400,b,l,201806010730
7595.900000,0.005000,1527838207.812000,b,l,201806010730
7596.000000,0.005000,1527838211.899800,b,l,201806010730
7596.000000,0.005000,1527838217.343200,b,l,201806010730
7595.900000,0.005000,1527838220.576800,b,l,201806010730
7595.900000,0.005000,1527838224.134300,b,l,201806010730
7596.000000,0.005000,1527838225.300300,b,l,201806010730
7595.900000,0.005000,1527838227.566300,b,l,201806010730
7596.000000,0.005000,1527838229.849500,b,l,201806010730
7595.800000,0.005000,1527838231.248200,b,l,201806010730
7595.800000,0.005000,1527838232.857800,b,l,201806010730
7595.800000,0.005000,1527838236.536200,b,l,201806010730
7595.700000,0.005000,1527838238.690900,b,l,201806010730
7595.700000,0.005000,1527838243.172500,b,l,201806010730
7596.000000,0.054654,1527838243.248100,b,m,201806010730
7596.000000,0.017999,1527838243.252100,b,m,201806010730
7597.900000,0.003221,1527838243.256000,b,m,201806010730
7597.900000,0.005300,1527838243.258900,b,m,201806010730
7598.000000,0.009910,1527838243.262300,b,m,201806010730
7598.000000,0.013240,1527838243.264900,b,m,201806010730
7598.000000,0.006720,1527838243.267500,b,m,201806010730
7598.000000,0.888956,1527838243.271400,b,m,201806010730
7598.000000,0.005000,1527838244.736600,b,l,201806010730
7595.700000,0.005000,1527838246.643400,b,l,201806010730
7595.700000,0.005000,1527838248.085000,b,l,201806010730
7595.700000,0.005000,1527838249.757600,b,l,201806010730
7595.700000,0.005000,1527838251.697700,b,l,201806010730
7595.700000,0.000750,1527838254.810700,b,m,201806010730
7595.700000,0.005000,1527838254.912500,b,l,201806010730
7595.700000,0.005000,1527838255.939900,b,l,201806010730
7595.600000,0.005000,1527838258.824400,b,l,201806010730
7595.700000,0.005000,1527838262.057200,b,l,201806010731
7595.600000,0.050000,1527838262.775600,b,l,201806010731
7595.700000,0.964250,1527838262.779800,b,l,201806010731
7595.700000,0.985750,1527838262.782500,b,l,201806010731
7595.500000,0.005000,1527838266.201700,b,l,201806010731
7595.400000,0.005000,1527838269.041800,b,l,201806010731
7595.400000,0.005000,1527838272.058600,b,l,201806010731
7595.300000,0.005000,1527838274.710900,b,l,201806010731
7595.200000,0.005000,1527838277.335500,b,l,201806010731
7595.400000,0.005000,1527838281.103100,b,l,201806010731
7595.300000,0.005000,1527838282.514200,b,l,201806010731
7594.900000,0.005000,1527838284.312800,b,l,201806010731
7594.900000,0.005000,1527838287.154300,b,l,201806010731
7594.800000,0.005000,1527838289.735700,b,l,201806010731
7594.800000,0.005000,1527838290.905900,b,l,201806010731
7595.700000,0.005000,1527838292.621100,b,l,201806010731
7595.300000,0.005000,1527838294.267500,b,l,201806010731
7594.800000,0.010000,1527838295.758700,b,l,201806010731
7595.600000,0.005000,1527838297.256300,b,l,201806010731
7595.600000,0.005000,1527838298.496300,b,l,201806010731
7595.600000,0.000100,1527838299.266600,b,m,201806010731
7595.300000,0.005000,1527838301.938800,b,l,201806010731
7595.000000,0.990000,1527838302.261900,s,l,201806010731
7595.000000,1.000000,1527838302.266100,s,l,201806010731
7594.100000,0.005000,1527838302.977200,b,l,201806010731
7595.300000,0.005000,1527838306.399300,b,l,201806010731
7595.300000,0.005000,1527838306.878900,b,l,201806010731
7595.200000,0.001000,1527838309.446200,b,m,201806010731
7595.200000,0.005000,1527838310.400100,b,l,201806010731
7593.000000,0.133500,1527838310.961800,s,m,201806010731
7590.000000,0.000010,1527838324.917100,s,l,201806010732
7590.000000,0.132340,1527838324.922300,s,l,201806010732
7586.600000,0.100000,1527838354.365200,s,l,201806010732
7582.500000,0.012000,1527838354.532900,s,l,201806010732
7582.000000,0.005000,1527838354.812400,b,l,201806010732
7582.000000,0.005000,1527838356.051800,b,l,201806010732
7584.100000,0.005000,1527838357.278000,b,l,201806010732
7581.000000,0.017437,1527838357.547900,s,l,201806010732
7580.000000,1.000000,1527838357.552500,s,l,201806010732
7578.900000,0.050000,1527838358.199100,s,m,201806010732
7580.000000,0.005000,1527838359.577200,b,l,201806010732
7581.100000,0.005000,1527838361.886300,b,l,201806010732
7579.900000,0.005000,1527838363.919500,b,l,201806010732
7579.900000,0.005000,1527838365.420400,b,l,201806010732
7578.900000,2.410000,1527838365.455900,s,l,201806010732
7573.700000,0.210000,1527838366.679900,s,l,201806010732
7579.800000,0.100000,1527838366.689100,b,m,201806010732
7579.800000,0.005000,1527838369.356600,b,l,201806010732
7578.800000,0.005000,1527838370.307400,b,l,201806010732
7578.900000,0.005000,1527838373.155500,b,l,201806010732
7578.900000,0.005000,1527838374.169700,b,l,201806010732
7575.200000,0.010000,1527838375.362900,s,l,201806010732
7578.800000,0.005000,1527838375.828900,b,l,201806010732
7578.800000,0.005000,1527838377.848000,b,l,201806010732
7583.300000,0.005000,1527838380.735000,b,l,201806010733
7583.200000,0.005000,1527838381.770800,b,l,201806010733
7583.400000,0.005000,1527838383.778700,b,l,201806010733
7583.400000,0.005000,1527838386.871800,b,l,201806010733
7584.800000,0.005000,1527838388.219500,b,l,201806010733
7583.000000,0.005000,1527838390.500800,b,l,201806010733
7583.000000,0.005000,1527838391.926500,b,l,201806010733
7583.000000,0.005000,1527838393.849000,b,l,201806010733
7587.900000,0.005000,1527838396.334600,b,l,201806010733
7587.900000,0.005000,1527838398.319100,b,l,201806010733
7587.900000,0.005000,1527838400.706900,b,l,201806010733
7575.500000,0.403570,1527838400.806000,s,m,201806010733
7575.500000,0.596430,1527838400.810400,s,m,201806010733
7587.900000,0.005000,1527838401.880100,b,l,201806010733
7584.200000,0.005000,1527838405.142900,b,l,201806010733
7584.200000,0.005000,1527838409.351700,b,l,201806010733
7584.200000,0.005000,1527838410.321600,b,l,201806010733
7584.200000,0.005000,1527838412.302800,b,l,201806010733
7578.700000,0.015000,1527838413.818800,s,l,201806010733
7578.600000,0.005000,1527838413.908700,b,l,201806010733
7584.100000,0.005000,1527838416.380600,b,l,201806010733
7578.400000,0.005000,1527838417.890600,b,l,201806010733
7583.800000,0.005000,1527838421.843000,b,l,201806010733
7578.300000,0.005000,1527838426.144700,b,l,201806010733
7578.300000,0.005000,1527838430.863500,b,l,201806010733
7579.400000,0.005000,1527838432.844700,b,l,201806010733
7572.000000,2.477000,1527838433.387100,s,l,201806010733
7571.900000,0.010040,1527838433.391400,s,l,201806010733
7570.200000,0.005000,1527838435.261900,b,l,201806010733
7578.300000,0.005000,1527838437.444500,b,l,201806010733
7575.700000,0.005000,1527838440.344000,b,l,201806010734
7575.700000,0.005000,1527838444.877500,b,l,201806010734
7583.300000,0.005000,1527838448.811300,b,l,201806010734
7583.300000,0.005000,1527838451.854300,b,l,201806010734
7583.300000,0.005000,1527838452.968700,b,l,201806010734
7583.000000,0.005000,1527838456.867000,b,l,201806010734
7579.900000,0.005000,1527838458.637800,b,l,201806010734
7579.900000,0.005000,1527838460.229100,b,l,201806010734
7579.900000,0.005000,1527838462.317500,b,l,201806010734
7579.100000,0.005000,1527838464.991700,b,l,201806010734
7579.100000,0.005000,1527838466.350600,b,l,201806010734
7579.000000,0.005000,1527838469.341900,b,l,201806010734
7579.000000,0.005000,1527838469.860100,b,l,201806010734
7579.200000,0.005000,1527838472.496800,b,l,201806010734
7579.900000,0.005000,1527838472.908700,b,l,201806010734
7579.400000,0.230000,1527838473.754600,s,m,201806010734
7579.900000,0.005000,1527838474.018700,b,l,201806010734
7579.900000,0.005000,1527838476.072300,b,l,201806010734
7579.400000,0.093520,1527838477.321000,s,l,201806010734
7578.400000,0.005000,1527838477.978500,b,l,201806010734
7578.300000,0.005000,1527838480.319500,b,l,201806010734
7570.500000,0.073945,1527838486.974100,s,m,201806010734
7570.500000,0.026055,1527838486.980300,s,m,201806010734
7570.500000,0.225000,1527838489.996500,s,m,201806010734
7581.400000,0.005000,1527838490.720700,b,l,201806010734
7581.300000,0.005000,1527838495.346700,b,l,201806010734
7578.300000,0.005000,1527838498.157500,b,l,201806010734
7581.300000,0.004062,1527838501.858200,b,l,201806010735
7581.400000,0.000938,1527838501.863600,b,l,201806010735
7581.400000,0.005000,1527838504.576900,b,l,201806010735
7580.800000,0.005000,1527838507.370800,b,l,201806010735
7580.800000,0.005000,1527838510.256100,b,l,201806010735
7581.400000,0.005000,1527838513.684400,b,l,201806010735
7581.400000,0.005000,1527838515.203100,b,l,201806010735
7581.400000,0.005000,1527838518.533800,b,l,201806010735
7581.400000,0.005000,1527838520.497800,b,l,201806010735
7581.400000,0.005000,1527838522.544300,b,l,201806010735
7581.400000,0.005000,1527838524.410300,b,l,201806010735
7584.700000,0.005000,1527838526.632800,b,l,201806010735
7584.700000,0.005000,1527838528.861300,b,l,201806010735
7584.700000,0.002232,1527838530.332000,b,l,201806010735
7587.800000,0.002768,1527838530.342600,b,l,201806010735
7584.000000,0.005000,1527838532.101100,b,l,201806010735
7581.100000,0.005000,1527838534.255300,b,l,201806010735
7581.100000,0.005000,1527838536.203100,b,l,201806010735
7583.900000,0.005000,1527838539.315900,b,l,201806010735
7583.900000,0.005000,1527838540.450400,b,l,201806010735
7583.400000,0.005000,1527838550.578400,b,l,201806010735
7584.400000,0.005000,1527838552.475300,b,l,201806010735
7583.500000,0.005000,1527838554.725400,b,l,201806010735
7583.500000,0.005000,1527838555.790300,b,l,201806010735
7583.500000,0.005000,1527838562.413500,b,l,201806010736
7583.500000,0.005000,1527838562.941000,b,l,201806010736
7583.500000,0.005000,1527838565.455400,b,l,201806010736
7583.500000,0.005000,1527838567.031500,b,l,201806010736
7583.500000,0.005000,1527838569.370000,b,l,201806010736
7583.500000,0.005000,1527838571.033400,b,l,201806010736
7582.800000,0.005000,1527838573.720200,b,l,201806010736
7582.800000,0.005000,1527838575.110500,b,l,201806010736
7582.800000,0.005000,1527838577.989400,b,l,201806010736
7583.500000,0.005000,1527838579.787600,b,l,201806010736
7583.500000,0.005000,1527838581.667400,b,l,201806010736
7586.400000,0.005000,1527838584.973100,b,l,201806010736
7586.300000,0.005000,1527838586.845000,b,l,201806010736
7586.300000,0.005000,1527838588.421200,b,l,201806010736
7586.300000,0.005000,1527838590.365700,b,l,201806010736
7586.800000,0.004722,1527838592.199000,b,l,201806010736
7590.800000,0.000278,1527838592.204200,b,l,201806010736
7590.800000,0.005000,1527838594.887700,b,l,201806010736
7590.800000,0.005000,1527838595.912900,b,l,201806010736
7590.400000,0.005000,1527838597.984300,b,l,201806010736
7587.600000,0.005000,1527838601.224200,b,l,201806010736
7587.600000,0.005000,1527838603.677300,b,l,201806010736
7586.900000,0.005000,1527838605.395400,b,l,201806010736
7586.900000,0.005000,1527838606.894300,b,l,201806010736
7579.000000,0.500000,1527838607.642500,s,m,201806010736
7579.000000,0.500000,1527838607.652500,s,m,201806010736
7579.000000,0.275000,1527838607.657700,s,m,201806010736
7586.900000,0.005000,1527838609.059200,b,l,201806010736
7586.900000,0.005000,1527838610.356400,b,l,201806010736
7586.900000,0.005000,1527838612.741500,b,l,201806010736
7586.800000,0.005000,1527838616.518800,b,l,201806010736
7586.600000,0.005000,1527838617.113300,b,l,201806010736
7586.800000,0.005000,1527838618.963300,b,l,201806010736
7586.500000,0.005000,1527838620.951600,b,l,201806010737
7586.500000,0.005000,1527838622.930000,b,l,201806010737
7579.000000,0.005000,1527838625.019300,b,l,201806010737
7579.000000,0.005000,1527838626.973300,b,l,201806010737
7579.000000,0.005000,1527838631.532400,b,l,201806010737
7579.000000,0.005000,1527838632.655200,b,l,201806010737
7579.000000,0.005000,1527838634.490600,b,l,201806010737
7579.000000,0.005000,1527838636.529500,b,l,201806010737
7579.000000,0.005000,1527838638.478400,b,l,201806010737
7579.000000,0.005000,1527838640.552800,b,l,201806010737
7579.000000,0.005000,1527838642.811200,b,l,201806010737
7579.000000,0.005000,1527838644.779000,b,l,201806010737
7579.000000,0.005000,1527838646.616600,b,l,201806010737
7579.000000,0.005000,1527838648.499200,b,l,201806010737
7579.000000,0.005000,1527838650.960300,b,l,201806010737
7579.000000,0.005000,1527838652.579000,b,l,201806010737
7579.000000,0.005000,1527838654.578100,b,l,201806010737
7579.000000,0.005000,1527838657.630700,b,l,201806010737
7579.000000,0.005000,1527838659.074200,b,l,201806010737
7579.000000,0.005000,1527838660.968300,b,l,201806010737
7579.000000,0.005000,1527838662.933000,b,l,201806010737
7579.000000,0.005000,1527838664.558800,b,l,201806010737
7579.000000,0.005000,1527838667.219500,b,l,201806010737
7579.000000,0.005000,1527838668.786300,b,l,201806010737
7579.000000,0.005000,1527838671.435900,b,l,201806010737
7579.000000,0.005000,1527838673.481000,b,l,201806010737
7579.000000,0.005000,1527838674.735700,b,l,201806010737
7579.000000,0.005000,1527838676.752300,b,l,201806010737
7579.000000,0.005000,1527838679.168200,b,l,201806010737
7579.000000,0.005000,1527838682.411400,b,l,201806010738
7579.000000,0.005000,1527838704.072100,b,l,201806010738
7579.000000,0.005000,1527838705.044200,b,l,201806010738
7579.000000,0.005000,1527838707.251500,b,l,201806010738
7579.000000,0.005000,1527838708.936000,b,l,201806010738
7579.000000,0.005000,1527838711.198300,b,l,201806010738
7578.800000,0.005000,1527838798.349900,b,l,201806010739
7578.800000,0.005000,1527838799.848500,b,l,201806010739
7578.800000,0.040000,1527838800.951900,b,l,201806010740
7578.900000,0.014931,1527838800.957300,b,l,201806010740
7579.000000,0.005000,1527838802.209000,b,l,201806010740
7579.000000,0.960000,1527838803.077100,b,l,201806010740
7579.000000,0.136425,1527838803.082900,b,l,201806010740
7579.000000,0.033575,1527838803.085500,b,l,201806010740
7579.000000,1.300000,1527838803.088100,b,l,201806010740
7580.000000,0.005000,1527838804.737500,b,l,201806010740
7580.000000,0.005000,1527838807.490500,b,l,201806010740
7579.500000,0.002084,1527838809.044100,b,l,201806010740
7580.000000,0.221780,1527838809.049900,b,l,201806010740
7584.700000,1.000000,1527838816.143700,s,m,201806010740
7580.400000,1.000000,1527838816.146800,s,m,201806010740
7580.300000,0.140891,1527838816.150000,s,m,201806010740
7580.300000,0.148000,1527838816.152400,s,m,201806010740
7580.300000,0.005000,1527838816.154300,s,m,201806010740
7580.300000,0.206109,1527838816.156300,s,m,201806010740
7580.300000,0.042768,1527838816.158400,s,m,201806010740
7578.800000,0.533298,1527838816.161000,s,m,201806010740
7578.800000,0.001164,1527838816.163000,s,m,201806010740
7589.000000,0.005000,1527838831.207500,b,l,201806010740
7589.000000,0.005000,1527838832.595400,b,l,201806010740
7589.000000,0.005000,1527838834.310500,b,l,201806010740
7589.000000,0.005000,1527838837.889200,b,l,201806010740
7589.000000,0.005000,1527838840.644700,b,l,201806010740
7589.000000,0.005000,1527838842.556600,b,l,201806010740
7589.000000,0.005000,1527838844.792800,b,l,201806010740
7589.000000,0.005000,1527838846.492500,b,l,201806010740
7589.000000,0.005000,1527838849.049000,b,l,201806010740
7589.000000,0.005000,1527838850.550700,b,l,201806010740
7589.000000,0.005000,1527838853.589100,b,l,201806010740
7589.000000,0.005000,1527838855.217400,b,l,201806010740
7589.000000,0.005000,1527838857.233400,b,l,201806010740
7589.000000,0.005000,1527838858.729900,b,l,201806010740
7589.000000,0.005000,1527838861.650400,b,l,201806010741
7589.000000,0.005000,1527838863.241400,b,l,201806010741
7589.000000,0.005000,1527838865.479700,b,l,201806010741
7588.100000,0.875094,1527838866.538300,s,l,201806010741
7589.000000,0.005000,1527838867.716700,b,l,201806010741
7589.000000,0.005000,1527838901.903700,b,l,201806010741
7589.000000,0.005000,1527838904.405900,b,l,201806010741
7589.000000,0.005000,1527838906.994400,b,l,201806010741
7589.000000,0.005000,1527838909.239300,b,l,201806010741
7589.000000,0.005000,1527838911.226400,b,l,201806010741
7589.000000,0.005000,1527838913.546400,b,l,201806010741
7589.000000,0.005000,1527838915.043700,b,l,201806010741
7589.000000,0.005000,1527838916.737300,b,l,201806010741
7589.000000,0.005000,1527838919.226700,b,l,201806010741
7589.000000,0.005000,1527838920.235600,b,l,201806010742
7589.000000,0.005000,1527838922.680100,b,l,201806010742
7589.000000,0.255000,1527838925.160900,b,l,201806010742
7589.000000,0.074541,1527838925.167100,b,l,201806010742
7597.200000,0.005000,1527838925.703300,b,l,201806010742
7597.200000,0.005000,1527838926.678800,b,l,201806010742
7596.400000,0.005000,1527838929.066700,b,l,201806010742
7596.400000,0.005000,1527838930.399000,b,l,201806010742
7589.900000,0.005000,1527838934.363800,b,l,201806010742
7589.000000,0.035459,1527838934.655700,s,l,201806010742
7589.000000,0.964541,1527838934.659400,s,l,201806010742
7589.900000,0.005000,1527838935.575900,b,l,201806010742
7589.900000,0.005000,1527838937.321100,b,l,201806010742
7588.700000,0.100000,1527838937.729900,s,l,201806010742
7588.400000,0.147947,1527838937.733400,s,l,201806010742
7588.400000,0.019052,1527838937.735800,s,l,201806010742
7583.200000,1.000000,1527838937.738300,s,l,201806010742
7581.300000,4.192321,1527838937.741100,s,l,201806010742
7581.300000,0.307679,1527838937.743500,s,l,201806010742
7580.600000,0.582401,1527838937.745900,s,l,201806010742
7580.600000,0.150600,1527838937.751600,s,l,201806010742
7589.900000,0.005000,1527838939.349000,b,l,201806010742
7589.900000,0.005000,1527838940.889900,b,l,201806010742
7589.000000,0.005000,1527838942.975100,b,l,201806010742
7588.900000,0.005000,1527838945.062500,b,l,201806010742
7588.900000,0.005000,1527838949.589000,b,l,201806010742
7588.600000,0.005000,1527838950.830700,b,l,201806010742
7588.600000,0.005000,1527838952.726000,b,l,201806010742
7589.900000,0.005000,1527838955.080100,b,l,201806010742
7589.900000,0.200000,1527838955.583700,b,m,201806010742
7589.900000,0.005000,1527838957.554100,b,l,201806010742
7589.900000,0.005000,1527838958.946800,b,l,201806010742
7589.800000,0.005000,1527838961.111500,b,l,201806010742
7590.800000,0.000000,1527839021.111500,b,l,201806010743
7590.800000,0.005000,1527839049.871400,b,l,201806010744
7590.800000,0.007895,1527839050.184400,b,m,201806010744
7590.800000,0.032105,1527839050.188900,b,m,201806010744
7590.800000,0.005000,1527839054.975800,b,l,201806010744
7590.300000,0.005000,1527839058.323500,b,l,201806010744
7590.300000,0.005000,1527839062.206300,b,l,201806010744
7590.200000,0.005000,1527839064.239200,b,l,201806010744
7589.900000,0.005000,1527839067.528400,b,l,201806010744
7589.900000,0.005000,1527839070.119900,b,l,201806010744
7589.800000,0.005000,1527839071.619600,b,l,201806010744
7589.600000,0.005000,1527839073.666700,b,l,201806010744
7585.000000,0.450000,1527839074.745800,s,m,201806010744
7589.600000,0.005000,1527839074.939000,b,l,201806010744
7590.000000,0.005000,1527839076.789000,b,l,201806010744
7589.500000,0.005000,1527839079.375800,b,l,201806010744
7589.300000,0.005000,1527839081.490700,b,l,201806010744
7588.800000,0.005000,1527839086.617800,b,l,201806010744
7588.700000,0.005000,1527839088.689400,b,l,201806010744
7588.700000,0.005000,1527839089.945200,b,l,201806010744
7588.700000,0.005000,1527839092.111400,b,l,201806010744
7588.800000,0.005000,1527839094.045800,b,l,201806010744
7588.800000,0.005000,1527839095.789100,b,l,201806010744
7588.500000,0.005000,1527839099.121800,b,l,201806010744
7588.500000,0.005000,1527839100.238700,b,l,201806010745
7588.500000,0.001368,1527839100.556900,b,m,201806010745
7588.500000,0.000623,1527839100.564400,b,m,201806010745
7588.400000,0.005000,1527839101.872600,b,l,201806010745
7588.400000,0.005000,1527839104.647700,b,l,201806010745
7584.400000,0.005000,1527839107.356100,b,l,201806010745
7584.200000,1.000000,1527839107.609600,s,l,201806010745
7583.300000,1.000000,1527839107.618400,s,l,201806010745
7583.100000,0.520000,1527839107.621200,s,l,201806010745
7584.400000,0.005000,1527839107.869100,b,l,201806010745
7585.900000,0.005000,1527839110.710500,b,l,201806010745
