price,qty,timestamp,bs,ml,bucket
0.609620,1096.389384,1527825631.026700,s,l,201806010400
0.609400,4905.900000,1527825636.491800,s,l,201806010400
0.607800,0.000000,1527825696.491800,s,l,201806010401
0.607800,0.000000,1527825756.491800,s,l,201806010402
0.607800,4007.214000,1527825829.647300,s,l,201806010403
0.606800,249.665339,1527825829.658300,s,m,201806010403
0.606800,0.647447,1527825829.661300,s,m,201806010403
0.606800,0.001214,1527825829.663200,s,m,201806010403
0.607800,4934.200000,1527825861.263900,b,l,201806010404
0.608590,1159.747612,1527825864.262800,b,l,201806010404
0.608600,0.000388,1527825864.266600,b,l,201806010404
0.608600,999.999612,1527825865.621800,b,l,201806010404
0.609310,48.414000,1527825951.405900,b,l,201806010405
0.609310,3623.586000,1527825969.149800,s,l,201806010406
0.609300,2396.104000,1527825969.158300,s,l,201806010406
0.609350,31.997000,1527826032.198000,b,l,201806010407
0.609360,31.999000,1527826032.205700,b,l,201806010407
0.609370,31.999000,1527826032.208200,b,l,201806010407
0.609380,31.995000,1527826032.210700,b,l,201806010407
0.609390,63.176000,1527826032.213100,b,l,201806010407
0.609400,30.352000,1527826032.215500,b,l,201806010407
0.609410,3880.204720,1527826032.218400,b,l,201806010407
0.609410,1119.795280,1527826075.673000,b,l,201806010407
0.609500,30.356000,1527826078.620500,s,l,201806010407
0.609500,2603.896000,1527826078.856300,s,l,201806010407
0.609500,347.675440,1527826080.533300,s,l,201806010408
0.609000,4099.400000,1527826082.510200,s,l,201806010408
0.608530,0.000000,1527826142.510200,b,l,201806010409
0.608530,0.000000,1527826202.510200,b,l,201806010410
0.608530,3612.779485,1527826291.211100,b,l,201806010411
0.608510,0.000000,1527826351.211100,b,m,201806010412
0.608510,0.000000,1527826411.211100,b,m,201806010413
0.608510,0.000000,1527826471.211100,b,m,201806010414
0.608510,0.000000,1527826531.211100,b,m,201806010415
0.608510,0.000000,1527826591.211100,b,m,201806010416
0.608510,0.000000,1527826651.211100,b,m,201806010417
0.608510,0.000000,1527826711.211100,b,m,201806010418
0.608510,30.397000,1527826762.233100,b,m,201806010419
0.608510,55.052000,1527826762.242900,b,m,201806010419
0.608520,21.551000,1527826762.245500,b,m,201806010419
0.608480,0.000000,1527826822.245500,b,l,201806010420
0.608480,51.765000,1527826868.612900,b,l,201806010421
0.608500,35.330000,1527826868.672600,b,l,201806010421
0.608510,43.547000,1527826868.675800,b,l,201806010421
0.608520,8.847000,1527826868.678300,b,l,201806010421
0.608520,32.042000,1527826868.680800,b,l,201806010421
0.608530,887.220515,1527826868.684100,b,l,201806010421
0.608940,32.021000,1527826868.686600,b,l,201806010421
0.608950,30.379000,1527826868.689300,b,l,201806010421
0.608980,40.231000,1527826868.691700,b,l,201806010421
0.608990,30.375000,1527826868.694100,b,l,201806010421
0.609000,30.373000,1527826868.700500,b,l,201806010421
0.609010,3777.869485,1527826868.703200,b,l,201806010421
0.608380,0.000000,1527826928.703200,s,l,201806010422
0.608380,0.000000,1527826988.703200,s,l,201806010423
0.608380,0.000000,1527827048.703200,s,l,201806010424
0.608380,0.000000,1527827108.703200,s,l,201806010425
0.608380,1374.919000,1527827202.212600,s,l,201806010426
0.608500,0.000000,1527827262.212600,s,l,201806010427
0.608500,0.000000,1527827322.212600,s,l,201806010428
0.608500,0.000000,1527827382.212600,s,l,201806010429
0.608500,0.000000,1527827442.212600,s,l,201806010430
0.608500,0.000000,1527827502.212600,s,l,201806010431
0.608500,0.000000,1527827562.212600,s,l,201806010432
0.608500,434.960000,1527827636.959700,s,l,201806010433
0.608500,0.000000,1527827696.959700,s,l,201806010434
0.608500,565.040000,1527827712.071800,s,l,201806010435
0.608500,4167.749548,1527827712.087700,s,l,201806010435
0.608380,500.000000,1527827758.184800,s,l,201806010435
0.608380,340.130000,1527827769.912300,s,l,201806010436
0.608380,500.000000,1527827805.945000,s,l,201806010436
0.608290,3300.650348,1527827843.576600,b,l,201806010437
0.606220,0.000000,1527827903.576600,b,m,201806010438
0.606220,0.000000,1527827963.576600,b,m,201806010439
0.606220,1000.000000,1527828037.074900,b,m,201806010440
0.606220,4000.000000,1527828102.347200,b,l,201806010441
0.606960,0.000000,1527828162.347200,b,l,201806010442
0.606960,53.544000,1527828211.514000,b,l,201806010443
0.606990,65.074000,1527828211.529500,b,l,201806010443
0.607000,879.658814,1527828211.786300,b,l,201806010443
0.606910,0.000000,1527828271.786300,s,l,201806010444
0.606910,126.968000,1527828327.097500,s,l,201806010445
0.606220,193.338041,1527828327.102700,s,l,201806010445
0.606210,942.202198,1527828327.108700,s,l,201806010445
0.606950,0.000000,1527828387.108700,b,l,201806010446
0.606950,0.000000,1527828447.108700,b,l,201806010447
0.606950,1152.671023,1527828498.155300,b,l,201806010448
0.606950,30.479000,1527828498.166200,b,l,201806010448
0.606960,65.078000,1527828498.169000,b,l,201806010448
0.606970,30.475000,1527828498.171600,b,l,201806010448
0.606980,45.303000,1527828498.174000,b,l,201806010448
0.606990,30.477000,1527828498.176400,b,l,201806010448
0.607220,32.110000,1527828502.093100,b,l,201806010448
0.607230,32.111000,1527828502.098900,b,l,201806010448
0.607250,32.110000,1527828505.258500,b,l,201806010448
0.607260,32.111000,1527828505.261700,b,l,201806010448
0.607260,13.172000,1527828553.446100,b,l,201806010449
0.607270,32.107000,1527828553.451700,b,l,201806010449
0.607600,4886.921000,1527828553.454200,b,l,201806010449
0.607520,0.000000,1527828613.454200,b,l,201806010450
0.607520,0.000000,1527828673.454200,b,l,201806010451
0.607520,0.000000,1527828733.454200,b,l,201806010452
0.607520,0.000000,1527828793.454200,b,l,201806010453
0.607520,0.000000,1527828853.454200,b,l,201806010454
0.607520,0.000000,1527828913.454200,b,l,201806010455
0.607520,0.000000,1527828973.454200,b,l,201806010456
0.607520,0.000000,1527829033.454200,b,l,201806010457
0.607520,0.000000,1527829093.454200,b,l,201806010458
0.607520,30.449000,1527829174.847600,b,l,201806010459
0.607520,3225.946705,1527829174.858700,b,l,201806010459
0.607530,51.848000,1527829174.861400,b,l,201806010459
0.607550,30.446000,1527829174.864000,b,l,201806010459
0.607590,30.443000,1527829174.866900,b,l,201806010459
0.607700,30.441000,1527829176.159000,b,l,201806010459
0.607710,32.083000,1527829176.164300,b,l,201806010459
0.608030,30.424000,1527829188.598800,b,l,201806010459
0.608140,32.061000,1527829190.578500,b,l,201806010459
0.608160,32.058000,1527829191.411800,b,l,201806010459
0.608160,0.003000,1527829195.124200,b,l,201806010459
0.608190,32.058000,1527829195.130800,b,l,201806010459
0.608200,4926.900000,1527829195.133800,b,l,201806010459
0.608390,32.051000,1527829195.137100,b,l,201806010459
0.608430,568.455000,1527829195.140100,b,l,201806010459
0.608400,4924.800000,1527829199.867300,b,l,201806010459
0.609010,5000.000000,1527829216.495300,s,l,201806010500
0.607930,0.000000,1527829276.495300,b,l,201806010501
0.607930,30.430000,1527829377.574600,b,l,201806010502
0.607940,32.072000,1527829377.595400,b,l,201806010502
0.607960,32.072000,1527829377.598100,b,l,201806010502
0.607970,55.099000,1527829377.600800,b,l,201806010502
0.607990,32.072000,1527829377.603500,b,l,201806010502
0.608010,32.070000,1527829377.606500,b,l,201806010502
0.608020,2786.185000,1527829377.609400,b,l,201806010502
0.608000,32.071000,1527829395.109800,s,l,201806010503
0.608010,32.067000,1527829463.466800,b,l,201806010504
0.608010,32.066000,1527829463.471400,b,l,201806010504
0.608010,38.649000,1527829463.474000,b,l,201806010504
0.608010,33.715000,1527829463.476700,b,l,201806010504
0.607610,0.000000,1527829523.476700,s,m,201806010505
0.607610,0.000000,1527829583.476700,s,m,201806010506
0.607610,0.000000,1527829643.476700,s,m,201806010507
0.607610,0.000000,1527829703.476700,s,m,201806010508
0.607610,0.000000,1527829763.476700,s,m,201806010509
0.607610,0.000000,1527829823.476700,s,m,201806010510
0.607610,0.000000,1527829883.476700,s,m,201806010511
0.607610,0.000000,1527829943.476700,s,m,201806010512
0.607610,0.000000,1527830003.476700,s,m,201806010513
0.607610,0.000000,1527830063.476700,s,m,201806010514
0.607610,523.126769,1527830136.038900,s,m,201806010515
0.607610,1.356602,1527830136.043000,s,m,201806010515
0.607610,0.003518,1527830136.045000,s,m,201806010515
0.607610,0.000001,1527830136.047000,s,m,201806010515
0.607600,0.000000,1527830196.047000,b,l,201806010516
0.607600,0.000000,1527830256.047000,b,l,201806010517
0.607600,0.000000,1527830316.047000,b,l,201806010518
0.607600,0.000000,1527830376.047000,b,l,201806010519
0.607600,0.000000,1527830436.047000,b,l,201806010520
0.607600,0.000000,1527830496.047000,b,l,201806010521
0.607600,0.000000,1527830556.047000,b,l,201806010522
0.607600,0.000000,1527830616.047000,b,l,201806010523
0.607600,0.000000,1527830676.047000,b,l,201806010524
0.607600,371.644945,1527830744.353800,b,l,201806010525
0.607600,100.100100,1527830805.536700,b,l,201806010526
0.607600,477.490971,1527830830.534700,b,l,201806010527
0.607600,0.762765,1527830830.538800,b,l,201806010527
0.607600,0.001218,1527830830.541400,b,l,201806010527
0.607600,0.000001,1527830830.544300,b,l,201806010527
0.607600,0.000045,1527830830.547100,b,l,201806010527
0.607600,0.000000,1527830890.547100,b,l,201806010528
0.607600,30.444955,1527830992.616300,b,l,201806010529
0.607900,30.430000,1527831003.436900,b,l,201806010530
0.607910,46.880000,1527831003.446700,b,l,201806010530
0.607930,30.429000,1527831003.449600,b,l,201806010530
0.607920,30.430000,1527831119.099800,b,l,201806010531
0.607930,60.037000,1527831119.110400,b,l,201806010531
0.607940,32.074000,1527831119.113500,b,l,201806010531
0.607950,8.147525,1527831119.116400,b,l,201806010531
0.607590,34.918480,1527831124.037600,s,l,201806010532
0.607580,34.918480,1527831143.053400,s,m,201806010532
0.607890,0.000000,1527831203.053400,b,m,201806010533
0.607890,32.077000,1527831261.733500,b,m,201806010534
0.607900,32.074000,1527831261.774400,b,m,201806010534
0.607910,32.076000,1527831261.777300,b,m,201806010534
0.607920,32.075000,1527831261.780400,b,m,201806010534
0.607930,5.045120,1527831261.783200,b,m,201806010534
0.607910,0.000000,1527831321.783200,b,m,201806010535
0.607910,0.000000,1527831381.783200,b,m,201806010536
0.607910,0.000000,1527831441.783200,b,m,201806010537
0.607910,0.000000,1527831501.783200,b,m,201806010538
0.607910,32.073000,1527831556.725400,b,m,201806010539
0.607920,32.071000,1527831556.882800,b,m,201806010539
0.607930,32.073000,1527831556.982500,b,m,201806010539
0.607940,32.072000,1527831556.985200,b,m,201806010539
0.607950,30.427000,1527831556.988200,b,m,201806010539
0.607960,55.100000,1527831556.990900,b,m,201806010539
0.607970,32.070000,1527831556.993900,b,m,201806010539
0.607980,32.073000,1527831556.996900,b,m,201806010539
0.607990,30.428000,1527831556.999600,b,m,201806010539
0.608000,53.451000,1527831557.002400,b,m,201806010539
0.608010,32.067000,1527831557.005200,b,m,201806010539
0.608020,6.895661,1527831557.008000,b,m,201806010539
0.607950,32.070000,1527831648.706200,b,l,201806010540
0.607960,60.035000,1527831648.717400,b,l,201806010540
0.607970,45.228000,1527831648.721900,b,l,201806010540
0.607980,43.582000,1527831648.725000,b,l,201806010540
0.607990,32.071000,1527831648.728200,b,l,201806010540
0.608000,32.067000,1527831648.731100,b,l,201806010540
0.608010,63.318000,1527831648.734300,b,l,201806010540
0.608020,2206.919339,1527831648.737800,b,l,201806010540
0.608200,0.000000,1527831708.737800,s,l,201806010541
0.608200,0.000000,1527831768.737800,s,l,201806010542
0.608200,0.000000,1527831828.737800,s,l,201806010543
0.608200,0.000000,1527831888.737800,s,l,201806010544
0.608200,90.064399,1527831940.971900,s,l,201806010545
0.608200,1166.965889,1527831957.486700,s,m,201806010545
0.608200,3.026243,1527831957.496700,s,m,201806010545
0.608200,0.007848,1527831957.499500,s,m,201806010545
0.608200,0.000020,1527831957.502100,s,m,201806010545
0.608200,0.000000,1527831957.504100,s,m,201806010545
0.608210,32.060000,1527831999.429500,b,l,201806010546
0.607610,0.000000,1527832059.429500,b,m,201806010547
0.607610,0.000000,1527832119.429500,b,m,201806010548
0.607610,0.000000,1527832179.429500,b,m,201806010549
0.607610,0.000000,1527832239.429500,b,m,201806010550
0.607610,0.000000,1527832299.429500,b,m,201806010551
0.607610,48.548000,1527832325.990900,b,m,201806010552
0.607620,41.966000,1527832325.995400,b,m,201806010552
0.607630,32.088000,1527832325.998900,b,m,201806010552
0.607630,329.548246,1527832326.001800,b,m,201806010552
0.607630,30.443000,1527832330.559100,b,l,201806010552
0.607640,37.026000,1527832330.562800,b,l,201806010552
0.607650,1.645000,1527832330.565400,b,l,201806010552
0.607640,30.442000,1527832332.340600,b,l,201806010552
0.607620,30.446000,1527832336.225200,b,l,201806010552
0.607650,30.443000,1527832336.228600,b,l,201806010552
0.607660,30.441000,1527832336.231400,b,l,201806010552
0.607670,30.440000,1527832336.234500,b,l,201806010552
0.607680,32.088000,1527832336.237900,b,l,201806010552
0.607690,30.440000,1527832336.240900,b,l,201806010552
0.608080,0.000000,1527832396.240900,b,l,201806010553
0.608080,0.000000,1527832456.240900,b,l,201806010554
0.608080,0.000000,1527832516.240900,b,l,201806010555
0.608080,0.000000,1527832576.240900,b,l,201806010556
0.608080,32.063000,1527832643.582000,b,l,201806010557
0.607970,0.000000,1527832703.582000,b,l,201806010558
0.607970,0.000000,1527832763.582000,b,l,201806010559
0.607970,32.069000,1527832842.730800,b,l,201806010600
0.607980,64.964000,1527832842.738300,b,l,201806010600
0.608000,4933.400000,1527832842.741000,b,l,201806010600
0.608070,32.065000,1527832842.743900,b,l,201806010600
0.608080,53.443000,1527832842.746700,b,l,201806010600
0.608090,30.421000,1527832842.749500,b,l,201806010600
0.608100,30.418000,1527832842.752600,b,l,201806010600
0.608110,30.417000,1527832842.755500,b,l,201806010600
0.608120,51.794000,1527832842.758900,b,l,201806010600
0.608150,30.415000,1527832842.761900,b,l,201806010600
0.608170,41.927000,1527832842.764500,b,l,201806010600
0.608200,2000.000000,1527832842.767700,b,l,201806010600
0.608210,4981.241348,1527832842.770900,b,l,201806010600
0.606740,0.000000,1527832902.770900,b,l,201806010601
0.606740,1199.980781,1527832968.450000,b,l,201806010602
0.606700,0.000000,1527833028.450000,b,l,201806010603
0.606700,0.000000,1527833088.450000,b,l,201806010604
0.606700,43.676000,1527833120.197200,b,l,201806010605
0.606710,32.137000,1527833120.200300,b,l,201806010605
0.606720,61.806000,1527833120.203100,b,l,201806010605
0.606730,30.491000,1527833120.206100,b,l,201806010605
0.606740,32.090200,1527833120.209500,b,l,201806010605
0.606640,0.000000,1527833180.209500,b,l,201806010606
0.606640,0.000000,1527833240.209500,b,l,201806010607
0.606640,0.000000,1527833300.209500,b,l,201806010608
0.606640,30.492000,1527833353.081500,b,l,201806010609
0.606650,30.495000,1527833353.085900,b,l,201806010609
0.606660,0.000000,1527833413.085900,b,m,201806010610
0.606660,0.000000,1527833473.085900,b,m,201806010611
0.606660,33.789000,1527833540.126400,b,m,201806010612
0.606660,32.142000,1527833540.146500,b,m,201806010612
0.606660,53.569000,1527833540.150400,b,m,201806010612
0.606670,51.921000,1527833540.155000,b,m,201806010612
0.606680,30.493000,1527833540.159000,b,m,201806010612
0.606690,32.141000,1527833540.162600,b,m,201806010612
0.606700,63.453000,1527833540.166000,b,m,201806010612
0.606710,63.455000,1527833540.169100,b,m,201806010612
0.606720,32.137000,1527833540.172100,b,m,201806010612
0.606730,32.136000,1527833540.175500,b,m,201806010612
0.606740,1794.816974,1527833540.179000,b,m,201806010612
0.606730,30.488000,1527833612.241900,b,m,201806010613
0.606740,286.946156,1527833612.281800,b,m,201806010613
0.606640,0.000000,1527833672.281800,b,l,201806010614
0.606640,0.000000,1527833732.281800,b,l,201806010615
0.606640,0.000000,1527833792.281800,b,l,201806010616
0.606640,48.624000,1527833845.471500,b,l,201806010617
0.606650,30.492000,1527833846.028100,b,l,201806010617
0.606660,45.327000,1527833846.036700,b,l,201806010617
0.606670,3.297000,1527833846.040300,b,l,201806010617
0.606670,27.194000,1527833850.026300,b,l,201806010617
0.606680,30.492000,1527833850.032000,b,l,201806010617
0.606690,30.489000,1527833850.035400,b,l,201806010617
0.606700,32.136000,1527833850.038400,b,l,201806010617
0.606710,32.136000,1527833850.041300,b,l,201806010617
0.606720,30.490000,1527833850.044800,b,l,201806010617
0.606730,30.490000,1527833850.048400,b,l,201806010617
0.607400,2186.573000,1527833850.052400,b,l,201806010617
0.607910,2400.000000,1527833854.347200,b,l,201806010617
0.607600,2400.000000,1527833857.524500,b,l,201806010617
0.608200,4926.100000,1527833860.498600,b,l,201806010617
0.608340,494.948000,1527833860.502900,b,l,201806010617
0.608600,4922.700000,1527833862.750600,b,l,201806010617
0.609000,578.942000,1527833862.757200,b,l,201806010617
0.609040,2400.000000,1527833862.771800,b,l,201806010617
0.609050,4443.150000,1527833862.774600,b,l,201806010617
0.609260,3050.595000,1527833862.777400,b,l,201806010617
0.609320,4008.554921,1527833862.780600,b,l,201806010617
0.609330,903.998079,1527833862.784600,b,l,201806010617
0.609330,75.870901,1527833868.068300,b,l,201806010617
0.609470,8424.119099,1527833868.072900,b,l,201806010617
0.609330,4351.434000,1527833874.911500,b,l,201806010617
0.609450,981.000000,1527833877.208300,b,l,201806010617
0.609710,494.948000,1527833879.627900,b,l,201806010617
0.609320,3383.725721,1527833883.793400,s,l,201806010618
0.609320,3.380345,1527833883.798000,s,l,201806010618
0.609320,0.003334,1527833883.800300,s,l,201806010618
0.609940,1006.884876,1527833884.283800,b,l,201806010618
0.610440,2930.781502,1527833891.036000,b,l,201806010618
0.610450,3993.498498,1527833891.040800,b,l,201806010618
0.611580,430.946000,1527833917.722800,b,l,201806010618
0.612300,270.978279,1527833919.687400,b,l,201806010618
0.612300,329.021721,1527833932.109300,b,l,201806010618
0.612410,929.890488,1527833963.475600,s,l,201806010619
0.612400,3971.982000,1527833963.478800,s,l,201806010619
0.612300,2920.978279,1527833963.482000,s,l,201806010619
0.611730,0.000000,1527834023.482000,b,l,201806010620
0.611730,0.000000,1527834083.482000,b,l,201806010621
0.611730,0.000000,1527834143.482000,b,l,201806010622
0.611730,0.000000,1527834203.482000,b,l,201806010623
0.611730,54.761000,1527834244.167500,b,l,201806010624
0.611750,28.860000,1527834244.180500,b,l,201806010624
0.611750,1.377000,1527834245.361600,b,l,201806010624
0.611830,2575.154054,1527834245.809200,b,l,201806010624
0.612460,83.621000,1527834336.731600,s,l,201806010625
0.611600,4882.800000,1527834345.531600,s,l,201806010625
0.612000,3050.595000,1527834350.338800,s,l,201806010625
0.611420,800.000000,1527834368.314600,b,m,201806010626
0.611420,2096.375800,1527834407.556400,b,l,201806010626
0.611420,2103.624200,1527834408.439200,b,l,201806010626
0.612440,2441.000000,1527834414.000000,b,l,201806010626
0.612580,36.726000,1527834417.605000,b,l,201806010626
0.612640,31.826000,1527834417.611100,b,l,201806010626
0.612790,888.630000,1527834417.613600,b,l,201806010626
0.612830,3870.818000,1527834417.616400,b,l,201806010626
0.612820,33.450000,1527834419.711300,b,l,201806010626
0.612830,1015.550000,1527834419.716500,b,l,201806010626
0.612830,113.632000,1527834420.703500,b,l,201806010627
0.612220,0.000000,1527834480.703500,b,l,201806010628
0.612220,51.493700,1527834542.171200,b,l,201806010629
0.611860,149.296591,1527834567.823900,s,m,201806010629
0.611860,0.286400,1527834567.831700,s,m,201806010629
0.613300,81.566060,1527834621.996300,s,l,201806010630
0.613300,81.566060,1527834634.330400,s,l,201806010630
0.613360,50.000000,1527834694.197100,b,m,201806010631
0.613340,0.000000,1527834754.197100,b,l,201806010632
0.613340,56.246000,1527834829.765500,b,l,201806010633
0.613360,7.876000,1527834829.769200,b,l,201806010633
0.613380,31.789000,1527834829.771700,b,l,201806010633
0.613390,30.155000,1527834829.774400,b,l,201806010633
0.613400,250.183900,1527834829.776900,b,l,201806010633
0.613310,0.000000,1527834889.776900,s,m,201806010634
0.613310,260.683000,1527834915.959000,s,m,201806010635
0.613300,238.696389,1527834915.988100,s,m,201806010635
0.613300,0.619001,1527834915.990600,s,m,201806010635
0.613300,0.001605,1527834915.992700,s,m,201806010635
0.613300,0.000004,1527834915.994800,s,m,201806010635
0.613320,0.000000,1527834975.994800,b,m,201806010636
0.613320,0.000000,1527835035.994800,b,m,201806010637
0.613320,0.000000,1527835095.994800,b,m,201806010638
0.613320,30.163000,1527835176.557400,b,m,201806010639
0.613350,31.788000,1527835176.570000,b,m,201806010639
0.613370,51.351000,1527835176.572600,b,m,201806010639
0.613380,30.158000,1527835176.575100,b,m,201806010639
0.613390,48.092000,1527835176.577600,b,m,201806010639
0.613400,58.448000,1527835176.580400,b,m,201806010639
0.613400,173.611000,1527835202.321900,b,l,201806010640
0.613390,173.611000,1527835205.217500,b,l,201806010640
0.613390,173.611000,1527835205.746200,b,l,201806010640
0.613470,46.453000,1527835211.225600,b,l,201806010640
0.613560,43.189000,1527835211.228500,b,l,201806010640
0.613580,31.780000,1527835211.230900,b,l,201806010640
0.613600,31.778000,1527835211.233300,b,l,201806010640
0.613610,31.682600,1527835217.578100,b,l,201806010640
0.613610,0.094400,1527835219.264000,b,l,201806010640
0.613690,1608.905600,1527835219.267200,b,l,201806010640
0.613690,31.777000,1527835219.611900,b,l,201806010640
0.613690,373.429200,1527835220.975300,b,l,201806010640
0.613690,231.497300,1527835221.037300,b,l,201806010640
0.613690,31.771672,1527835222.954400,b,l,201806010640
0.613690,331.543343,1527835223.668400,b,l,201806010640
0.613690,935.823968,1527835229.459300,b,l,201806010640
0.613690,2123.037658,1527835231.305300,b,l,201806010640
0.613690,4.214259,1527835242.845200,b,l,201806010640
0.614000,173.333047,1527835242.849100,b,l,201806010640
0.614000,0.276890,1527835242.851200,b,l,201806010640
0.614000,0.000433,1527835242.853100,b,l,201806010640
0.614580,54.507000,1527835319.468200,b,m,201806010641
0.614580,44.309447,1527835319.473600,b,m,201806010641
0.614580,1796.566567,1527835323.140900,b,l,201806010642
0.614580,296.396396,1527835323.749600,b,l,201806010642
0.614580,2058.190000,1527835369.967300,b,l,201806010642
0.614570,5000.000000,1527835389.982800,s,l,201806010643
0.613460,0.000000,1527835449.982800,s,l,201806010644
0.613460,165.847170,1527835539.378000,s,l,201806010645
0.613780,0.000000,1527835599.378000,b,l,201806010646
0.613780,0.000000,1527835659.378000,b,l,201806010647
0.613780,0.000000,1527835719.378000,b,l,201806010648
0.613780,0.000000,1527835779.378000,b,l,201806010649
0.613780,0.000000,1527835839.378000,b,l,201806010650
0.613780,30.136000,1527835900.510900,b,l,201806010651
0.613810,30.137000,1527835900.516300,b,l,201806010651
0.613820,36.655000,1527835900.518900,b,l,201806010651
0.613830,31.765000,1527835900.524800,b,l,201806010651
0.613840,30.134000,1527835900.528700,b,l,201806010651
0.613850,39.907000,1527835900.531600,b,l,201806010651
0.613860,666.807708,1527835900.535100,b,l,201806010651
0.613840,43.170000,1527835975.855800,b,l,201806010652
0.613850,30.133000,1527835975.860600,b,l,201806010652
0.613860,31.761000,1527835975.863000,b,l,201806010652
0.614370,0.000000,1527836035.863000,b,m,201806010653
0.614370,0.000000,1527836095.863000,b,m,201806010654
0.614370,0.000000,1527836155.863000,b,m,201806010655
0.614370,30.110000,1527836179.315800,b,m,201806010656
0.614470,23.545332,1527836179.326000,b,m,201806010656
0.614440,0.000000,1527836239.326000,b,m,201806010657
0.614440,0.000000,1527836299.326000,b,m,201806010658
0.614440,0.000000,1527836359.326000,b,m,201806010659
0.614440,173.581473,1527836418.060600,b,m,201806010700
0.614000,0.000000,1527836478.060600,b,l,201806010701
0.614000,0.000000,1527836538.060600,b,l,201806010702
0.614000,0.000000,1527836598.060600,b,l,201806010703
0.614000,162.866440,1527836674.911800,b,l,201806010704
0.614450,59.402000,1527836674.914400,b,l,201806010704
0.614480,638.944140,1527836674.917100,b,l,201806010704
0.614490,30.104000,1527836674.919800,b,l,201806010704
0.614500,34.986000,1527836674.923200,b,l,201806010704
0.614500,162.733930,1527836674.926700,b,l,201806010704
0.614510,43.119000,1527836674.930100,b,l,201806010704
0.614520,30.102000,1527836674.933400,b,l,201806010704
0.614530,36.610000,1527836674.936100,b,l,201806010704
0.614540,31.728000,1527836674.942200,b,l,201806010704
0.614550,30.100000,1527836674.945000,b,l,201806010704
0.614560,30.099000,1527836674.947800,b,l,201806010704
0.614570,30.098000,1527836674.950700,b,l,201806010704
0.614580,128.984490,1527836674.953200,b,l,201806010704
0.614480,30.104000,1527836753.026500,s,l,201806010705
0.614500,57.765000,1527836797.378400,b,l,201806010706
0.614500,62.651000,1527836797.382400,b,l,201806010706
0.614500,34.985000,1527836797.385300,b,l,201806010706
0.614510,41.496000,1527836804.463100,b,l,201806010706
0.614520,30.100000,1527836804.466100,b,l,201806010706
0.614530,62.648000,1527836804.469000,b,l,201806010706
0.614540,31.727000,1527836804.471700,b,l,201806010706
0.614550,31.730000,1527836804.474100,b,l,201806010706
0.614560,30.100000,1527836804.476600,b,l,201806010706
0.614570,31.725000,1527836804.478900,b,l,201806010706
0.614580,675.553100,1527836804.481900,b,l,201806010706
0.614770,61.485500,1527836842.197300,b,l,201806010707
0.614760,38.224000,1527836851.754500,b,l,201806010707
0.614770,35.110711,1527836851.760300,b,l,201806010707
0.614760,31.715000,1527836860.954000,b,l,201806010707
0.614770,30.749700,1527836860.960300,b,l,201806010707
0.614770,32.366200,1527836863.656200,b,l,201806010707
0.614770,61.492100,1527836865.825000,b,l,201806010707
0.614770,61.491200,1527836871.554900,b,l,201806010707
0.614800,4872.700000,1527836875.889200,b,l,201806010707
0.615000,21863.848700,1527836877.051400,b,l,201806010707
0.615000,726.156000,1527836883.540200,b,l,201806010708
0.615000,9835.995300,1527836885.047500,b,l,201806010708
0.615000,162.601620,1527836885.051000,b,l,201806010708
0.615960,327.320270,1527836890.583000,b,l,201806010708
0.615970,270.437339,1527836917.029200,s,l,201806010708
0.615970,0.539795,1527836917.036800,s,l,201806010708
0.615970,0.000866,1527836917.038900,s,l,201806010708
0.615980,30.031000,1527836924.897900,s,l,201806010708
0.615990,31.652000,1527836935.476300,b,l,201806010708
0.616000,111.219171,1527836935.481500,b,l,201806010708
0.616000,640.676376,1527836936.881700,b,l,201806010708
0.616000,2004.004004,1527836942.554600,b,l,201806010709
0.616000,1206.558759,1527836947.046500,b,l,201806010709
0.616000,745.870971,1527836952.728200,b,l,201806010709
0.616000,291.670719,1527836953.721100,b,m,201806010709
0.616350,114.042424,1527836953.724100,b,m,201806010709
0.616620,1294.286857,1527836953.727100,b,m,201806010709
0.616330,400.400400,1527836994.393000,b,l,201806010709
0.616330,2909.482883,1527836994.497400,b,l,201806010709
0.616330,1037.542000,1527836996.318700,b,l,201806010709
0.616330,93.640641,1527836998.559300,b,l,201806010709
0.616330,46.239000,1527837048.726600,b,m,201806010710
0.616630,31.620000,1527837048.734300,b,m,201806010710
0.616640,114.042424,1527837048.737100,b,m,201806010710
0.617550,5999.990000,1527837048.739800,b,m,201806010710
0.618370,981.000000,1527837048.742800,b,m,201806010710
0.618390,277.604000,1527837048.746300,b,m,201806010710
0.618400,2549.504576,1527837048.749600,b,m,201806010710
0.618280,650.459472,1527837081.142700,s,m,201806010711
0.618280,1.427870,1527837081.146200,s,m,201806010711
0.618280,0.003134,1527837081.148300,s,m,201806010711
0.618280,0.000007,1527837081.150300,s,m,201806010711
0.618390,650.459472,1527837095.515800,s,m,201806010711
0.618390,1.427870,1527837095.518000,s,m,201806010711
0.618390,0.003134,1527837095.520200,s,m,201806010711
0.618390,0.000007,1527837095.522200,s,m,201806010711
0.618390,650.459472,1527837105.145700,s,m,201806010711
0.618390,1.427870,1527837105.150100,s,m,201806010711
0.618390,0.003134,1527837105.152200,s,m,201806010711
0.618390,0.000007,1527837105.154300,s,m,201806010711
0.618390,650.459472,1527837136.066600,s,m,201806010712
0.618390,1.427870,1527837136.069700,s,m,201806010712
0.618390,0.003134,1527837136.071800,s,m,201806010712
0.618390,0.000007,1527837136.073700,s,m,201806010712
0.618400,5000.000000,1527837149.866100,b,l,201806010712
0.618400,47.698000,1527837149.875500,b,l,201806010712
0.618630,3743.813000,1527837170.219800,s,l,201806010712
0.618600,1304.677000,1527837171.301000,b,l,201806010712
0.618700,37.979000,1527837171.989100,b,m,201806010712
0.618710,1462.021000,1527837171.994500,b,m,201806010712
0.618650,498.725000,1527837177.765000,s,l,201806010712
0.618500,1504.669846,1527837210.200300,s,l,201806010713
0.618000,649.158570,1527837214.677600,s,l,201806010713
0.616600,113.543894,1527837283.819200,b,l,201806010714
0.616610,1901.272700,1527837357.437300,b,l,201806010715
0.616610,30.002000,1527837396.789100,b,l,201806010716
0.616420,1000.000000,1527837403.909600,s,l,201806010716
0.617180,603.500000,1527837412.018300,b,m,201806010716
0.616610,1000.000000,1527837414.602800,s,l,201806010716
0.616850,0.000000,1527837474.602800,s,l,201806010717
0.616850,0.000000,1527837534.602800,s,l,201806010718
0.616850,2095.311000,1527837546.221000,s,l,201806010719
0.616650,724.113000,1527837558.034600,s,l,201806010719
0.616500,100.000000,1527837558.043300,s,l,201806010719
0.616160,5000.000000,1527837558.046000,s,l,201806010719
0.616160,175.887000,1527837562.576400,b,l,201806010719
0.616380,1065.289000,1527837581.803700,s,l,201806010719
0.616150,5000.000000,1527837581.807500,s,l,201806010719
0.616150,763.247612,1527837605.073000,s,l,201806010720
0.616140,4236.752388,1527837605.101600,s,l,201806010720
0.616140,500.000000,1527837614.038300,s,l,201806010720
0.616140,263.247612,1527837616.993500,s,l,201806010720
0.616130,5000.000000,1527837649.531600,s,l,201806010720
0.616040,500.000000,1527837657.592400,s,l,201806010720
0.616040,500.000000,1527837666.997600,s,l,201806010721
0.616040,500.000000,1527837675.770900,s,l,201806010721
0.616100,5000.000000,1527837676.879700,b,l,201806010721
0.616040,3500.000000,1527837683.450900,s,l,201806010721
0.616030,500.000000,1527837691.336500,s,l,201806010721
0.616030,500.000000,1527837698.290900,s,l,201806010721
0.616030,500.000000,1527837700.993600,s,l,201806010721
0.616030,3500.000000,1527837711.445800,s,l,201806010721
0.615860,5000.000000,1527837748.023800,s,l,201806010722
0.615920,3567.623924,1527837772.991900,b,l,201806010722
0.615910,812.347680,1527837774.191000,s,l,201806010722
0.615920,1432.376076,1527837774.750500,b,l,201806010722
0.616000,811.688310,1527837774.753400,b,l,201806010722
0.615910,812.347680,1527837782.481800,s,l,201806010723
0.615910,3375.304640,1527837788.742600,s,l,201806010723
0.615800,811.951930,1527837808.551200,s,l,201806010723
0.615600,4862.100000,1527837837.105800,s,l,201806010723
0.615170,5000.000000,1527837841.632300,b,l,201806010724
0.615140,5000.000000,1527837849.393800,s,l,201806010724
0.615450,812.743820,1527837869.422200,s,l,201806010724
0.615450,812.743820,1527837872.357100,s,l,201806010724
0.615450,812.743820,1527837879.500200,s,l,201806010724
0.615460,812.479680,1527837896.787100,s,l,201806010724
0.615780,64.145000,1527837905.451600,b,l,201806010725
0.615800,811.951930,1527837905.456900,b,l,201806010725
0.615900,31.657000,1527837908.579500,b,l,201806010725
0.615890,82.481070,1527837911.164300,b,l,201806010725
0.615620,31.657000,1527837914.407000,s,l,201806010725
0.615610,780.690680,1527837914.410800,s,l,201806010725
0.615980,812.413680,1527837922.590400,s,l,201806010725
0.616120,31.649000,1527837951.811400,b,l,201806010725
0.616130,30.774800,1527837951.815400,b,l,201806010725
0.616130,7.362200,1527837970.074800,b,l,201806010726
0.616520,30.774300,1527837995.230200,s,l,201806010726
0.616510,1276.791113,1527837995.234000,s,l,201806010726
0.616510,2.548485,1527837995.236100,s,l,201806010726
0.616510,0.005087,1527837995.238100,s,l,201806010726
0.616510,0.000005,1527837995.240000,s,l,201806010726
0.617080,31.656809,1527838002.132000,b,l,201806010726
0.617090,31.596000,1527838002.137900,b,l,201806010726
0.617100,31.599000,1527838002.141100,b,l,201806010726
0.617120,55.902000,1527838018.173600,b,l,201806010726
0.617190,55.898000,1527838018.180700,b,l,201806010726
0.617430,5000.000000,1527838067.161500,s,l,201806010727
0.617400,1754.089213,1527838067.166200,s,l,201806010727
0.617020,5000.000000,1527838124.488500,s,l,201806010728
0.617510,5000.000000,1527838160.862700,s,l,201806010729
0.617520,31.577000,1527838176.927200,b,l,201806010729
0.617650,63.949000,1527838225.619500,b,l,201806010730
0.618080,0.000000,1527838285.619500,s,l,201806010731
0.618080,5000.000000,1527838325.807700,s,l,201806010732
0.617670,6355.140957,1527838343.078400,s,l,201806010732
0.617220,6999.990000,1527838343.642100,s,l,201806010732
0.617210,3050.595000,1527838349.731200,s,l,201806010732
0.617000,1801.005000,1527838349.744200,s,l,201806010732
0.616400,4849.700000,1527838355.668300,s,l,201806010732
0.616270,2305.000000,1527838355.672100,s,l,201806010732
0.616260,2765.939000,1527838355.675400,s,l,201806010732
0.616260,2034.061000,1527838357.344800,s,l,201806010732
0.616230,2943.000000,1527838357.347900,s,l,201806010732
0.615730,4403.525398,1527838358.809000,s,l,201806010732
0.615720,5798.200000,1527838358.812900,s,l,201806010732
0.615710,1064.037358,1527838358.816100,s,l,201806010732
0.615270,5000.000000,1527838359.862800,b,l,201806010732
0.615790,666.003933,1527838360.327100,s,m,201806010732
0.615790,1.063904,1527838360.332400,s,m,201806010732
0.615790,0.001693,1527838360.334800,s,m,201806010732
0.615790,1336.640470,1527838361.416700,s,l,201806010732
0.615270,1672.000000,1527838374.130300,b,l,201806010732
0.615270,210.000000,1527838374.910800,b,l,201806010732
0.615270,42.000000,1527838378.568600,b,l,201806010732
0.615270,61.625700,1527838381.140700,b,l,201806010733
0.615270,443.000000,1527838383.207100,b,l,201806010733
0.615270,626.970000,1527838383.488900,b,l,201806010733
0.616020,0.000000,1527838443.488900,b,l,201806010734
0.616020,39.771000,1527838542.176100,b,l,201806010735
0.616030,54.377000,1527838564.090800,b,l,201806010736
0.616040,30.028000,1527838564.095100,b,l,201806010736
0.616050,5000.000000,1527838564.097500,b,l,201806010736
0.616440,0.000000,1527838624.097500,b,l,201806010737
0.616440,0.000000,1527838684.097500,b,l,201806010738
0.616440,31.629000,1527838793.020800,b,l,201806010739
0.616460,31.631000,1527838793.032500,b,l,201806010739
0.616470,36.740000,1527838793.035100,b,l,201806010739
0.616470,3310.000000,1527838806.979200,b,l,201806010740
0.616470,1653.260000,1527838807.029200,b,l,201806010740
0.616780,31.614000,1527838823.402100,b,l,201806010740
0.616790,31.612000,1527838823.409600,b,l,201806010740
0.616990,31.602000,1527838883.483100,b,m,201806010741
0.617140,31.594000,1527838883.486800,b,m,201806010741
0.617160,31.592000,1527838883.490500,b,m,201806010741
0.617170,51.034000,1527838883.493000,b,m,201806010741
0.617170,39.696000,1527838883.495500,b,m,201806010741
0.617190,57.515000,1527838883.499400,b,m,201806010741
0.617580,38.047000,1527838883.501800,b,m,201806010741
0.617580,1876.461349,1527838883.505100,b,m,201806010741
0.617180,5000.000000,1527838976.844400,b,m,201806010742
0.617180,49.414000,1527838976.848400,b,m,201806010742
0.617560,54.244000,1527838976.851300,b,m,201806010742
0.617570,31.574000,1527838976.854400,b,m,201806010742
0.617580,63.958000,1527838976.856900,b,m,201806010742
0.617600,4856.400000,1527838976.859300,b,m,201806010742
0.617950,981.000000,1527838976.862700,b,m,201806010742
0.617980,5999.990000,1527838976.865500,b,m,201806010742
0.618000,1100.000000,1527838976.869200,b,m,201806010742
0.618000,1200.000000,1527838976.872500,b,m,201806010742
0.618400,5000.000000,1527838976.876800,b,m,201806010742
0.618400,47.702000,1527838976.879300,b,m,201806010742
0.618500,14816.011877,1527838976.882800,b,m,201806010742
0.618500,4250.000000,1527838976.886300,b,m,201806010742
0.618830,31.506000,1527838976.888800,b,m,201806010742
0.618830,2923.538651,1527838976.891600,b,m,201806010742
0.618850,323.178100,1527838976.894800,b,m,201806010742
0.619000,31.000000,1527838976.897900,b,m,201806010742
0.619120,9419.006000,1527838976.900500,b,m,201806010742
0.619130,10000.000000,1527838976.902800,b,m,201806010742
0.619190,4034.169393,1527838976.906600,b,m,201806010742
0.619560,398.034230,1527838976.910000,b,m,201806010742
0.619630,3580.836628,1527838976.913900,b,m,201806010742
0.617620,0.000000,1527839036.913900,s,l,201806010743
0.617620,1810.992000,1527839084.617800,s,l,201806010744
0.617620,1801.235000,1527839087.736100,b,l,201806010744
0.617530,2400.000000,1527839091.745500,s,l,201806010744
0.617550,3499.692000,1527839094.565700,s,l,201806010744
0.616000,4849.900000,1527839108.072700,s,l,201806010745
0.615360,0.000000,1527839168.072700,b,l,201806010746
0.615360,0.000000,1527839228.072700,b,l,201806010747
0.615360,0.000000,1527839288.072700,b,l,201806010748
0.615360,0.000000,1527839348.072700,b,l,201806010749
0.615360,0.000000,1527839408.072700,b,l,201806010750
0.615360,0.000000,1527839468.072700,b,l,201806010751
0.615360,0.000000,1527839528.072700,b,l,201806010752
0.615360,5000.000000,1527839614.985100,b,l,201806010753
0.615410,0.000000,1527839674.985100,s,l,201806010754
0.615410,604.000000,1527839710.888300,s,l,201806010755
0.614300,5000.000000,1527839736.704700,b,l,201806010755
0.614300,193.029197,1527839754.786500,b,l,201806010755
0.614300,0.308353,1527839754.797500,b,l,201806010755
0.614300,0.000491,1527839754.799800,b,l,201806010755
0.614580,0.000000,1527839814.799800,b,m,201806010756
0.614580,59.388000,1527839850.202200,b,m,201806010757
0.614590,30.099000,1527839850.211100,b,m,201806010757
0.614600,1526.526196,1527839850.214400,b,m,201806010757
0.614560,56.136000,1527839884.983600,b,l,201806010758
0.614570,30.099000,1527839884.993200,b,l,201806010758
0.614580,31.728000,1527839885.044600,b,l,201806010758
0.614760,54.490000,1527839951.151600,b,l,201806010759
0.614770,30.092000,1527839951.158700,b,l,201806010759
0.614720,0.000000,1527840011.158700,b,m,201806010800
0.614720,0.000000,1527840071.158700,b,m,201806010801
0.614720,0.000000,1527840131.158700,b,m,201806010802
0.614720,0.000000,1527840191.158700,b,m,201806010803
0.614720,30.090000,1527840251.384200,b,m,201806010804
0.614730,62.624000,1527840251.391300,b,m,201806010804
0.614740,44.729000,1527840251.393700,b,m,201806010804
0.614750,62.623000,1527840251.396200,b,m,201806010804
0.614760,30.089000,1527840251.398700,b,m,201806010804
0.614770,31.716000,1527840251.401200,b,m,201806010804
0.614780,30.088000,1527840251.403600,b,m,201806010804
0.614790,435.041000,1527840251.406200,b,m,201806010804
0.614200,1436.464000,1527840260.077300,s,l,201806010804
0.613500,981.000000,1527840325.624800,s,l,201806010805
0.613560,59.486000,1527840339.513700,b,l,201806010805
0.613570,1144.115749,1527840339.520600,b,l,201806010805
0.613500,3291.657050,1527840354.216800,s,l,201806010805
0.613370,31.788000,1527840399.087200,b,l,201806010806
0.613390,30.156000,1527840399.091600,b,l,201806010806
0.613540,30.149000,1527840401.877900,b,l,201806010806
0.613550,30.149000,1527840403.377400,b,l,201806010806
0.613560,48.075000,1527840403.383600,b,l,201806010806
0.613560,1500.000000,1527840403.386300,b,l,201806010806
0.613600,4880.200000,1527840403.389400,b,l,201806010806
0.613530,30.153000,1527840404.433300,b,l,201806010806
0.613790,31.766000,1527840451.655800,b,l,201806010807
0.613980,61.074000,1527840473.364100,b,l,201806010807
0.614180,31.745000,1527840473.713600,b,l,201806010807
0.614210,31.746000,1527840479.655000,b,l,201806010807
0.614390,30.351894,1527840516.879700,b,m,201806010808
0.613180,0.000000,1527840576.879700,b,l,201806010809
0.613180,0.000000,1527840636.879700,b,l,201806010810
0.613180,0.000000,1527840696.879700,b,l,201806010811
0.613180,0.000000,1527840756.879700,b,l,201806010812
0.613180,0.000000,1527840816.879700,b,l,201806010813
0.613180,0.000000,1527840876.879700,b,l,201806010814
0.613180,0.000000,1527840936.879700,b,l,201806010815
0.613180,31.801000,1527841012.883300,b,l,201806010816
0.613180,57.890000,1527841033.842600,b,l,201806010817
0.613190,31.799000,1527841033.847300,b,l,201806010817
0.613170,30.169000,1527841039.583300,b,l,201806010817
0.613180,30.169000,1527841072.373600,b,l,201806010817
0.613190,4.888000,1527841072.378400,b,l,201806010817
0.613190,30.169000,1527841073.161000,b,l,201806010817
0.613190,30.165000,1527841082.958900,b,l,201806010818
0.613200,62.783000,1527841082.963600,b,l,201806010818
0.613210,5000.000000,1527841082.966700,b,l,201806010818
0.613890,31.760000,1527841184.554000,b,l,201806010819
0.613900,44.793000,1527841184.561500,b,l,201806010819
0.613910,31.760000,1527841184.564100,b,l,201806010819
0.613920,30.132000,1527841189.580300,b,l,201806010819
0.613930,64.337000,1527841189.617800,b,l,201806010819
0.613940,30.131000,1527841189.621100,b,l,201806010819
0.613960,30.128000,1527841189.624100,b,l,201806010819
0.613980,30.127000,1527841189.626900,b,l,201806010819
0.614400,2028.000000,1527841210.569500,b,l,201806010820
0.614400,30.100000,1527841210.907000,b,l,201806010820
0.614590,30.100000,1527841216.346900,b,l,201806010820
0.614730,30.090000,1527841228.643600,b,l,201806010820
0.614780,31.713000,1527841236.215600,b,l,201806010820
0.615500,46.300000,1527841240.498900,b,l,201806010820
0.615770,5999.990000,1527841242.221900,b,l,201806010820
0.615800,4880.500000,1527841248.535100,b,l,201806010820
0.615790,0.000000,1527841308.535100,b,l,201806010821
0.615790,0.000000,1527841368.535100,b,l,201806010822
0.615790,31.663000,1527841381.319700,b,l,201806010823
0.615800,1639.737665,1527841381.323900,b,l,201806010823
0.615800,2.619389,1527841381.326000,b,l,201806010823
0.615800,0.004184,1527841381.328000,b,l,201806010823
0.615800,0.000002,1527841381.330400,b,l,201806010823
0.615900,30.035000,1527841462.247900,b,l,201806010824
0.615900,1073.577255,1527841462.251700,b,l,201806010824
0.615900,1.422745,1527841462.253700,b,l,201806010824
0.615920,0.000000,1527841522.253700,b,l,201806010825
0.615920,0.000000,1527841582.253700,b,l,201806010826
0.615920,30.034000,1527841622.198000,b,l,201806010827
0.616170,30.023000,1527841654.366900,b,l,201806010827
0.616170,30.023000,1527841654.376900,b,l,201806010827
0.616190,31.643000,1527841677.656900,b,l,201806010827
0.616390,0.000000,1527841737.656900,b,l,201806010828
0.616390,0.000000,1527841797.656900,b,l,201806010829
0.616390,30.011000,1527841814.404500,b,l,201806010830
0.616440,59.209000,1527841814.409300,b,l,201806010830
0.616450,33.252000,1527841814.412500,b,l,201806010830
0.616460,31.629000,1527841814.414900,b,l,201806010830
0.617550,1129.598612,1527841814.418400,b,l,201806010830
0.617560,44.527000,1527841814.421000,b,l,201806010830
0.617570,62.337000,1527841814.423700,b,l,201806010830
0.617630,34.809000,1527841814.427300,b,l,201806010830
0.617670,54.235000,1527841814.430000,b,l,201806010830
0.617850,2400.000000,1527841814.432500,b,l,201806010830
0.617860,5999.990000,1527841814.435200,b,l,201806010830
0.617990,31.551000,1527841814.441900,b,l,201806010830
0.618000,614.657838,1527841814.446000,b,l,201806010830
0.617180,31.591000,1527841894.575500,b,m,201806010831
0.617190,31.594000,1527841894.591100,b,m,201806010831
0.617200,34.834000,1527841894.594100,b,m,201806010831
0.617210,181.981000,1527841894.598300,b,m,201806010831
0.617060,0.000000,1527841954.598300,s,l,201806010832
0.617060,0.000000,1527842014.598300,s,l,201806010833
0.617060,0.000000,1527842074.598300,s,l,201806010834
0.617060,0.000000,1527842134.598300,s,l,201806010835
0.617060,0.000000,1527842194.598300,s,l,201806010836
0.617060,1686.486000,1527842262.329300,s,l,201806010837
0.616690,0.000000,1527842322.329300,s,l,201806010838
0.616690,0.000000,1527842382.329300,s,l,201806010839
0.616690,0.000000,1527842442.329300,s,l,201806010840
0.616690,0.000000,1527842502.329300,s,l,201806010841
0.616690,2400.000000,1527842526.482600,s,l,201806010842
0.616680,38.107000,1527842553.769100,b,l,201806010842
0.616680,2421.893000,1527842553.790500,b,l,201806010842
0.616790,44.583000,1527842562.235100,b,l,201806010842
0.616990,11.330000,1527842562.241100,b,l,201806010842
0.616380,0.000000,1527842622.241100,s,l,201806010843
0.616380,0.000000,1527842682.241100,s,l,201806010844
0.616380,0.000000,1527842742.241100,s,l,201806010845
0.616380,0.000000,1527842802.241100,s,l,201806010846
0.616380,0.000000,1527842862.241100,s,l,201806010847
0.616380,0.000000,1527842922.241100,s,l,201806010848
0.616380,0.000000,1527842982.241100,s,l,201806010849
0.616380,0.000000,1527843042.241100,s,l,201806010850
0.616380,0.000000,1527843102.241100,s,l,201806010851
0.616380,0.000000,1527843162.241100,s,l,201806010852
0.616380,0.000000,1527843222.241100,s,l,201806010853
0.616380,0.000000,1527843282.241100,s,l,201806010854
0.616380,0.000000,1527843342.241100,s,l,201806010855
0.616380,0.000000,1527843402.241100,s,l,201806010856
0.616380,91.243765,1527843461.525900,s,l,201806010857
0.616590,0.000000,1527843521.525900,b,l,201806010858
0.616590,30.000000,1527843573.812400,b,l,201806010859
0.616610,54.324000,1527843598.691600,b,l,201806010859
0.616620,31.620000,1527843598.695800,b,l,201806010859
0.616630,30.001000,1527843612.849300,b,l,201806010900
0.616640,30.000000,1527843612.860300,b,l,201806010900
0.616660,54.323000,1527843618.269300,b,l,201806010900
0.616680,54.318000,1527843618.275600,b,l,201806010900
0.616690,31.618000,1527843618.278100,b,l,201806010900
0.616700,59.183000,1527843618.280800,b,l,201806010900
0.616710,52.698000,1527843618.283200,b,l,201806010900
0.617250,49.408000,1527843640.298700,b,m,201806010900
0.617260,51.592000,1527843640.309200,b,m,201806010900
0.615640,0.000000,1527843700.309200,b,l,201806010901
0.615640,0.000000,1527843760.309200,b,l,201806010902
0.615640,0.000000,1527843820.309200,b,l,201806010903
0.615640,0.000000,1527843880.309200,b,l,201806010904
0.615640,0.000000,1527843940.309200,b,l,201806010905
0.615640,0.000000,1527844000.309200,b,l,201806010906
0.615640,0.000000,1527844060.309200,b,l,201806010907
0.615640,0.000000,1527844120.309200,b,l,201806010908
0.615640,0.000000,1527844180.309200,b,l,201806010909
0.615640,0.000000,1527844240.309200,b,l,201806010910
0.615640,46.290000,1527844290.511200,b,l,201806010911
0.615650,36.542000,1527844290.572400,b,l,201806010911
0.615650,34.920000,1527844290.575200,b,l,201806010911
0.615660,57.660000,1527844290.577900,b,l,201806010911
0.616590,0.000000,1527844350.577900,b,l,201806010912
0.616590,0.000000,1527844410.577900,b,l,201806010913
0.616590,51.086000,1527844473.519000,b,l,201806010914
0.616960,0.000000,1527844533.519000,b,m,201806010915
0.616960,0.000000,1527844593.519000,b,m,201806010916
0.616960,60.777000,1527844671.177000,b,m,201806010917
0.616980,64.016000,1527844671.215300,b,m,201806010917
0.617180,31.594000,1527844671.218700,b,m,201806010917
0.617190,31.593000,1527844671.222400,b,m,201806010917
0.617200,47.796000,1527844671.225100,b,m,201806010917
0.617210,31.590000,1527844671.228000,b,m,201806010917
0.617220,31.592000,1527844671.230900,b,m,201806010917
0.617230,31.589000,1527844671.233800,b,m,201806010917
0.617240,31.591000,1527844671.236900,b,m,201806010917
0.617250,31.587000,1527844671.239600,b,m,201806010917
0.617260,6.275000,1527844671.242300,b,m,201806010917
0.616950,0.000000,1527844731.242300,s,l,201806010918
0.616950,0.000000,1527844791.242300,s,l,201806010919
0.616950,47.774278,1527844834.343700,s,l,201806010920
0.616960,52.672000,1527844883.379700,b,m,201806010921
0.616970,31.604000,1527844883.409600,b,m,201806010921
0.616980,31.604000,1527844883.413400,b,m,201806010921
0.616990,41.326000,1527844883.416000,b,m,201806010921
0.617000,31.603000,1527844883.419000,b,m,201806010921
0.617010,5000.000000,1527844883.422300,b,m,201806010921
0.617110,60.762000,1527844883.426600,b,m,201806010921
0.617120,5000.000000,1527844883.429300,b,m,201806010921
0.617220,34.833000,1527844883.432000,b,m,201806010921
0.617230,52.653000,1527844883.434900,b,m,201806010921
0.617240,31.588000,1527844883.437400,b,m,201806010921
0.617250,31.590000,1527844883.439900,b,m,201806010921
0.617260,4942.133000,1527844883.442500,b,m,201806010921
0.617600,354.965512,1527844883.445200,b,m,201806010921
0.617600,590.000000,1527844939.677700,b,l,201806010922
0.617600,4266.900000,1527844940.510200,b,l,201806010922
0.618020,590.000000,1527844941.854500,b,l,201806010922
0.618030,590.000000,1527844943.395500,b,l,201806010922
0.618040,62.567300,1527844944.420200,s,l,201806010922
0.616950,47.775477,1527844982.761500,s,l,201806010923
0.616590,0.000000,1527845042.761500,s,l,201806010924
0.616590,0.000000,1527845102.761500,s,l,201806010925
0.616590,547.980236,1527845203.497000,s,l,201806010926
0.615230,2000.000000,1527845264.319100,s,m,201806010927
0.614920,4999.540000,1527845269.377200,b,l,201806010927
0.615030,12.760000,1527845271.869500,s,l,201806010927
0.614580,2016.890000,1527845277.036100,s,l,201806010927
0.614170,2294.817000,1527845277.047800,s,l,201806010927
0.614170,1210.512000,1527845278.174200,s,l,201806010927
0.614170,409.269265,1527845279.105600,s,m,201806010927
0.614170,1.061341,1527845279.107800,s,m,201806010927
0.614170,0.002752,1527845279.109900,s,m,201806010927
0.614170,0.000002,1527845279.111900,s,m,201806010927
0.614170,396.044344,1527845286.089000,s,l,201806010928
0.613790,1209.074113,1527845286.095100,s,l,201806010928
0.612620,998.000000,1527845288.667000,s,l,201806010928
0.612950,2400.000000,1527845293.572300,s,l,201806010928
0.612880,260.640000,1527845306.287700,s,l,201806010928
0.613390,547.980236,1527845310.195200,b,l,201806010928
0.613600,4891.200000,1527845312.270900,b,l,201806010928
0.613730,1100.000000,1527845315.131300,b,l,201806010928
0.613730,1300.000000,1527845315.145800,b,l,201806010928
0.613730,135.405000,1527845315.150400,b,l,201806010928
0.613740,981.000000,1527845315.153700,b,l,201806010928
0.613800,720.000000,1527845315.156500,b,l,201806010928
0.613800,73.595000,1527845315.161200,b,l,201806010928
0.613730,1270.999728,1527845316.577100,b,l,201806010928
0.613800,3850.593000,1527845316.582500,b,l,201806010928
0.614490,38.849179,1527845338.619500,b,m,201806010928
0.613260,2767.164000,1527845347.902700,s,l,201806010929
0.613280,5000.000000,1527845367.243800,b,l,201806010929
0.614200,4879.400000,1527845378.700600,b,l,201806010929
0.613960,0.000000,1527845438.700600,s,l,201806010930
0.613960,0.000000,1527845498.700600,s,l,201806010931
0.613960,693.861000,1527845534.135700,s,l,201806010932
0.613390,0.000000,1527845594.135700,b,m,201806010933
0.613390,0.000000,1527845654.135700,b,m,201806010934
0.613390,0.000000,1527845714.135700,b,m,201806010935
0.613390,87.000000,1527845816.653000,b,m,201806010936
0.613720,0.000000,1527845876.653000,s,l,201806010937
0.613720,0.000000,1527845936.653000,s,l,201806010938
0.613720,412.799993,1527845985.537900,s,l,201806010939
0.613710,4605.480246,1527846049.526500,s,l,201806010940
0.613710,394.519754,1527846091.466900,s,l,201806010941
0.613710,0.000000,1527846151.466900,b,m,201806010942
0.613710,0.000000,1527846211.466900,b,m,201806010943
0.613710,0.000000,1527846271.466900,b,m,201806010944
0.613710,30.140000,1527846319.097300,b,m,201806010945
0.613720,396.690262,1527846319.103200,b,m,201806010945
0.613720,0.000000,1527846379.103200,b,m,201806010946
0.613720,0.000000,1527846439.103200,b,m,201806010947
0.613720,276.999283,1527846501.431000,b,m,201806010948
0.613720,62.406309,1527846580.731000,b,m,201806010949
0.612920,500.000000,1527846634.171900,s,m,201806010950
0.614130,0.000000,1527846694.171900,b,l,201806010951
0.614130,0.000000,1527846754.171900,b,l,201806010952
0.614130,0.000000,1527846814.171900,b,l,201806010953
0.614130,31.751000,1527846864.166900,b,l,201806010954
0.614180,46.401000,1527846864.172600,b,l,201806010954
0.614390,33.361000,1527846864.175000,b,l,201806010954
0.614410,31.735000,1527846864.177400,b,l,201806010954
0.614420,30.105000,1527846864.180300,b,l,201806010954
0.614400,33.363000,1527846908.978200,b,l,201806010955
0.614410,31.733000,1527846908.982600,b,l,201806010955
0.614420,62.656000,1527846908.985100,b,l,201806010955
0.614430,57.776000,1527846908.987600,b,l,201806010955
0.614440,31.732000,1527846908.990400,b,l,201806010955
0.614450,0.000000,1527846968.990400,b,l,201806010956
0.614450,0.000000,1527847028.990400,b,l,201806010957
0.614450,0.000000,1527847088.990400,b,l,201806010958
0.614450,30.107000,1527847158.744900,b,l,201806010959
0.614450,6.508000,1527847161.645600,b,l,201806010959
0.614450,31.734000,1527847161.653600,b,l,201806010959
0.614450,31.734000,1527847161.656100,b,l,201806010959
0.614460,41.497000,1527847161.658500,b,l,201806010959
0.614470,31.734000,1527847161.660900,b,l,201806010959
0.614480,38.239000,1527847161.663300,b,l,201806010959
0.614480,64.279000,1527847161.665600,b,l,201806010959
0.614490,36.877000,1527847161.667900,b,l,201806010959
0.614250,0.000000,1527847221.667900,b,l,201806011000
0.614250,30.114000,1527847318.444700,b,l,201806011001
0.614270,38.252000,1527847318.911100,b,l,201806011001
0.614460,31.733000,1527847318.915900,b,l,201806011001
0.614470,24.396000,1527847318.920200,b,l,201806011001
0.614470,0.000000,1527847378.920200,b,l,201806011002
0.614470,30.106000,1527847435.487600,b,l,201806011003
0.614470,9.777000,1527847474.722900,b,l,201806011004
0.614470,30.106000,1527847474.728700,b,l,201806011004
0.614480,30.102000,1527847477.144800,b,l,201806011004
0.614900,31.709000,1527847559.910800,b,l,201806011005
0.614910,30.070000,1527847561.880800,b,l,201806011006
0.614910,1.638000,1527847563.387500,b,l,201806011006
0.615220,28.432000,1527847563.391000,b,l,201806011006
0.615220,1.638000,1527847565.702400,b,l,201806011006
0.615280,28.432000,1527847565.705700,b,l,201806011006
0.615280,1.634000,1527847570.370700,b,l,201806011006
0.615290,30.064000,1527847570.381200,b,l,201806011006
0.615310,31.690000,1527847570.383900,b,l,201806011006
0.615360,534.407000,1527847570.386400,b,l,201806011006
0.615360,63.387607,1527847572.995800,b,l,201806011006
0.615370,0.000393,1527847573.001500,b,l,201806011006
0.614510,31.215753,1527847586.551100,s,l,201806011006
0.615170,0.000000,1527847646.551100,b,l,201806011007
0.615170,0.000000,1527847706.551100,b,l,201806011008
0.615170,0.000000,1527847766.551100,b,l,201806011009
0.615170,0.000000,1527847826.551100,b,l,201806011010
0.615170,0.000000,1527847886.551100,b,l,201806011011
0.615170,0.000000,1527847946.551100,b,l,201806011012
0.615170,0.000000,1527848006.551100,b,l,201806011013
0.615170,0.000000,1527848066.551100,b,l,201806011014
0.615170,0.000000,1527848126.551100,b,l,201806011015
0.615170,0.000000,1527848186.551100,b,l,201806011016
0.615170,0.000000,1527848246.551100,b,l,201806011017
0.615170,0.000000,1527848306.551100,b,l,201806011018
0.615170,0.000000,1527848366.551100,b,l,201806011019
0.615170,0.000000,1527848426.551100,b,l,201806011020
0.615170,30.068000,1527848491.140000,b,l,201806011021
0.615180,64.208000,1527848491.184500,b,l,201806011021
0.615370,31.685000,1527848493.168900,b,l,201806011021
0.615390,33.308000,1527848493.172800,b,l,201806011021
0.615590,43.045000,1527848498.071900,b,l,201806011021
0.615600,4871.800000,1527848498.079500,b,l,201806011021
0.615670,62.531000,1527848498.082400,b,l,201806011021
0.615680,54.410000,1527848498.085200,b,l,201806011021
0.615690,33.294000,1527848498.087800,b,l,201806011021
0.615700,31.666000,1527848498.090200,b,l,201806011021
0.615720,31.666000,1527848498.093000,b,l,201806011021
0.616130,43.007000,1527848559.719400,s,l,201806011022
0.615920,0.000000,1527848619.719400,s,m,201806011023
0.615920,0.000000,1527848679.719400,s,m,201806011024
0.615920,2218.798395,1527848712.580700,s,m,201806011025
0.615920,5.753916,1527848712.587600,s,m,201806011025
0.615920,0.014921,1527848712.589600,s,m,201806011025
0.615920,0.000038,1527848712.591800,s,m,201806011025
0.615930,59.259000,1527848752.250500,b,l,201806011025
0.615980,30.029000,1527848752.263100,b,l,201806011025
0.615920,0.000000,1527848812.263100,s,m,201806011026
0.615920,1472.643772,1527848861.850900,s,m,201806011027
0.615920,2.352466,1527848861.863400,s,m,201806011027
0.615920,0.003758,1527848861.865500,s,m,201806011027
0.615920,0.000004,1527848861.867300,s,m,201806011027
0.615630,810.000000,1527848881.825900,s,l,201806011028
0.615630,150.000000,1527848881.829100,s,l,201806011028
0.615770,0.000000,1527848941.829100,b,l,201806011029
0.615770,0.000000,1527849001.829100,b,l,201806011030
0.615770,30.041000,1527849111.978200,b,l,201806011031
0.615780,59.273000,1527849111.981500,b,l,201806011031
0.615990,30.032000,1527849111.984000,b,l,201806011031
0.616000,30.031000,1527849111.986800,b,l,201806011031
0.616000,0.000000,1527849171.986800,b,l,201806011032
0.616000,41.395000,1527849188.345400,b,l,201806011033
0.616010,21.605000,1527849188.351900,b,l,201806011033
0.614460,0.000000,1527849248.351900,s,m,201806011034
0.614460,0.000000,1527849308.351900,s,m,201806011035
0.614460,0.000000,1527849368.351900,s,m,201806011036
0.614460,0.000000,1527849428.351900,s,m,201806011037
0.614460,0.000000,1527849488.351900,s,m,201806011038
0.614460,0.000000,1527849548.351900,s,m,201806011039
0.614460,847.795736,1527849621.387100,s,m,201806011040
0.614460,2.198553,1527849621.390400,s,m,201806011040
0.614460,0.005701,1527849621.393400,s,m,201806011040
0.614460,0.000010,1527849621.395400,s,m,201806011040
0.615010,0.000000,1527849681.395400,b,l,201806011041
0.615010,0.000000,1527849741.395400,b,l,201806011042
0.615010,0.000000,1527849801.395400,b,l,201806011043
0.615010,0.000000,1527849861.395400,b,l,201806011044
0.615010,46.340000,1527849945.125500,b,l,201806011045
0.615020,30.075000,1527849945.129600,b,l,201806011045
0.615030,30.075000,1527849945.132100,b,l,201806011045
0.615040,31.703000,1527849945.134600,b,l,201806011045
0.615050,30.077000,1527849945.231700,b,l,201806011045
0.615060,30.076000,1527849945.238300,b,l,201806011045
0.615070,5000.000000,1527849945.246900,b,l,201806011045
0.615770,43.033000,1527849998.800800,b,m,201806011046
0.615790,35.169481,1527849998.812700,b,m,201806011046
0.615790,9.483519,1527850002.368000,b,l,201806011046
0.615830,40.040481,1527850002.375700,b,l,201806011046
0.615810,30.039000,1527850021.614800,b,l,201806011047
0.615800,31.665000,1527850027.458000,b,l,201806011047
0.615820,44.644000,1527850027.461200,b,l,201806011047
0.615810,31.664000,1527850031.365500,b,l,201806011047
0.615820,0.008000,1527850031.369400,b,l,201806011047
0.615830,9.483519,1527850031.372800,b,l,201806011047
0.615840,30.036000,1527850031.376300,b,l,201806011047
0.615850,30.039000,1527850031.380300,b,l,201806011047
0.615860,46.274000,1527850031.383200,b,l,201806011047
0.615870,30.035000,1527850031.385800,b,l,201806011047
0.615880,31.657000,1527850031.388400,b,l,201806011047
0.615890,36.531000,1527850031.391000,b,l,201806011047
0.615900,1000.000000,1527850031.394200,b,l,201806011047
0.617100,0.000000,1527850091.394200,s,l,201806011048
0.617100,5000.000000,1527850154.744300,s,l,201806011049
0.617190,0.000000,1527850214.744300,b,l,201806011050
0.617190,31.594000,1527850315.947400,b,l,201806011051
0.617190,31.593000,1527850315.950500,b,l,201806011051
0.617200,1214.000000,1527850315.953700,b,l,201806011051
0.617220,39.693000,1527850315.956400,b,l,201806011051
0.617260,41.311000,1527850316.659600,b,l,201806011051
0.617280,46.167000,1527850343.537400,b,l,201806011052
0.617290,62.364000,1527850343.540700,b,l,201806011052
0.617300,46.164000,1527850343.543300,b,l,201806011052
0.617310,5000.000000,1527850343.545800,b,l,201806011052
0.617430,31.581000,1527850372.861000,b,l,201806011052
0.617490,31.578000,1527850373.883000,b,l,201806011052
0.617500,0.003000,1527850373.889000,b,l,201806011052
0.617490,31.576000,1527850399.858700,b,l,201806011053
0.617500,31.576000,1527850401.862700,b,l,201806011053
0.617490,46.153000,1527850411.112300,b,l,201806011053
0.617500,3125.728478,1527850434.988600,b,l,201806011053
0.617500,4.271522,1527850434.991400,b,l,201806011053
0.617310,49.870337,1527850476.378400,s,m,201806011054
0.617310,0.129327,1527850476.383100,s,m,201806011054
0.617310,0.000335,1527850476.385200,s,m,201806011054
0.617310,0.000001,1527850476.387200,s,m,201806011054
0.617310,0.000000,1527850536.387200,s,l,201806011055
0.617310,1230.305000,1527850565.154100,s,l,201806011056
0.616920,97.257343,1527850569.551400,s,l,201806011056
0.616170,31.646000,1527850603.131500,b,l,201806011056
0.615790,0.000000,1527850663.131500,s,m,201806011057
0.615790,1632.388181,1527850729.621300,s,m,201806011058
0.615790,2.607649,1527850729.682900,s,m,201806011058
0.615790,0.004166,1527850729.685500,s,m,201806011058
0.615790,0.000005,1527850729.687800,s,m,201806011058
0.617350,1635.000000,1527850759.746500,b,m,201806011059
0.617360,52.643000,1527850759.765300,b,m,201806011059
0.617390,31.582000,1527850759.769300,b,m,201806011059
0.617400,38.060000,1527850759.771800,b,m,201806011059
0.617410,31.581000,1527850759.774400,b,m,201806011059
0.617420,2004.635041,1527850759.777700,b,m,201806011059
0.617380,0.000000,1527850819.777700,b,l,201806011100
0.617380,31.583000,1527850906.688200,b,l,201806011101
0.617390,59.116000,1527850906.708500,b,l,201806011101
0.617400,31.581000,1527850906.711400,b,l,201806011101
0.617410,31.579000,1527850906.713800,b,l,201806011101
0.617420,2995.364959,1527850906.716600,b,l,201806011101
0.617480,172.346000,1527850974.372100,s,l,201806011102
0.617490,31.575000,1527850999.312000,b,l,201806011103
0.617490,42.912000,1527850999.324100,b,l,201806011103
0.617490,31.577000,1527850999.327600,b,l,201806011103
0.617490,39.672000,1527850999.330300,b,l,201806011103
0.617490,31.575000,1527850999.332900,b,l,201806011103
0.617490,31.575000,1527851018.913200,b,l,201806011103
0.617500,0.728478,1527851027.917000,b,l,201806011103
0.617500,0.001162,1527851027.932200,b,l,201806011103
0.617950,2037.077959,1527851027.935100,b,l,201806011103
0.618000,16283.148249,1527851027.938700,b,l,201806011103
0.618490,840.201100,1527851035.815000,s,l,201806011103
0.618490,4159.798900,1527851037.517700,s,l,201806011103
0.618490,1302.758223,1527851045.670800,s,m,201806011104
0.618490,2.600316,1527851045.673000,s,m,201806011104
0.618490,0.005190,1527851045.675100,s,m,201806011104
0.618490,0.000010,1527851045.677200,s,m,201806011104
0.618490,1302.681876,1527851054.771800,s,m,201806011104
0.618490,2.600163,1527851054.777000,s,m,201806011104
0.618490,0.005190,1527851054.779200,s,m,201806011104
0.618490,0.000010,1527851054.781200,s,m,201806011104
0.618490,165.220000,1527851103.524300,s,l,201806011105
0.617940,0.000000,1527851163.524300,s,m,201806011106
0.617940,0.000000,1527851223.524300,s,m,201806011107
0.617940,0.000000,1527851283.524300,s,m,201806011108
0.617940,0.000000,1527851343.524300,s,m,201806011109
0.617940,3000.000000,1527851405.741500,s,m,201806011110
0.617940,108.000000,1527851452.910400,s,m,201806011110
0.617420,0.000000,1527851512.910400,s,m,201806011111
0.617420,13035.347089,1527851563.058600,s,m,201806011112
0.616180,2400.000000,1527851563.097900,s,m,201806011112
0.616170,261.411338,1527851563.102000,s,m,201806011112
0.616170,0.573842,1527851563.104200,s,m,201806011112
0.616170,0.001260,1527851563.106700,s,m,201806011112
0.616170,0.000000,1527851563.108600,s,m,201806011112
0.617570,0.000000,1527851623.108600,b,m,201806011113
0.617570,0.000000,1527851683.108600,b,m,201806011114
0.617570,0.000000,1527851743.108600,b,m,201806011115
0.617570,0.000000,1527851803.108600,b,m,201806011116
0.617570,31.571000,1527851826.662400,b,m,201806011117
0.617570,36.430000,1527851826.674200,b,m,201806011117
0.617570,131.999000,1527851826.677500,b,m,201806011117
0.617570,2268.001000,1527851862.838000,b,m,201806011117
0.617800,2576.539981,1527851862.842000,b,m,201806011117
0.617910,0.000000,1527851922.842000,b,l,201806011118
0.617910,31.555000,1527851987.316300,b,l,201806011119
0.617920,42.882000,1527851987.319000,b,l,201806011119
0.617930,44.501000,1527851987.321800,b,l,201806011119
0.617940,31.554000,1527851987.324200,b,l,201806011119
0.617950,52.593000,1527851987.326700,b,l,201806011119
0.617960,55.827000,1527851987.329100,b,l,201806011119
0.617970,31.554000,1527851987.331600,b,l,201806011119
0.617980,31.552000,1527851987.334100,b,l,201806011119
0.617990,31.550000,1527851987.336500,b,l,201806011119
0.617940,0.000000,1527852047.336500,b,l,201806011120
0.617940,0.000000,1527852107.336500,b,l,201806011121
0.617940,31.554000,1527852175.664600,b,l,201806011122
0.617950,31.552000,1527852175.668000,b,l,201806011122
0.617960,31.554000,1527852175.670400,b,l,201806011122
0.617980,38.023000,1527852175.672900,b,l,201806011122
0.617990,46.115000,1527852175.675300,b,l,201806011122
0.618000,31.550000,1527852175.677800,b,l,201806011122
0.618010,603.577944,1527852175.680500,b,l,201806011122
0.617900,0.000000,1527852235.680500,b,l,201806011123
0.617900,0.000000,1527852295.680500,b,l,201806011124
0.617900,0.000000,1527852355.680500,b,l,201806011125
0.617900,0.000000,1527852415.680500,b,l,201806011126
0.617900,0.000000,1527852475.680500,b,l,201806011127
0.617900,0.000000,1527852535.680500,b,l,201806011128
0.617900,0.000000,1527852595.680500,b,l,201806011129
0.617900,0.000000,1527852655.680500,b,l,201806011130
0.617900,31.555000,1527852709.606600,b,l,201806011131
0.617920,31.554000,1527852709.614800,b,l,201806011131
0.617940,41.264000,1527852709.617700,b,l,201806011131
0.617950,31.553000,1527852709.620300,b,l,201806011131
0.617960,42.878000,1527852709.622900,b,l,201806011131
0.617970,31.554000,1527852709.625600,b,l,201806011131
0.617980,31.551000,1527852709.628100,b,l,201806011131
0.617990,54.207000,1527852709.630800,b,l,201806011131
0.618000,42.876000,1527852709.633400,b,l,201806011131
0.618010,4396.422056,1527852709.636100,b,l,201806011131
0.618500,3264.585944,1527852709.639600,b,l,201806011131
0.618010,0.000000,1527852769.639600,b,l,201806011132
0.618010,30.030030,1527852839.093100,b,l,201806011133
0.617990,0.000000,1527852899.093100,b,l,201806011134
0.617990,0.000000,1527852959.093100,b,l,201806011135
0.617990,30.030030,1527852994.632000,b,l,201806011136
0.617980,0.000000,1527853054.632000,b,l,201806011137
0.617980,57.442000,1527853090.728400,b,l,201806011138
0.617990,17.700970,1527853090.756500,b,l,201806011138
0.618000,31.553000,1527853090.759600,b,l,201806011138
0.618000,11913.593366,1527853128.611100,s,l,201806011138
0.616940,0.000000,1527853188.611100,s,l,201806011139
0.616940,0.000000,1527853248.611100,s,l,201806011140
0.616940,0.000000,1527853308.611100,s,l,201806011141
0.616940,5974.890000,1527853329.961900,s,l,201806011142
0.617390,0.000000,1527853389.961900,b,l,201806011143
0.617390,0.000000,1527853449.961900,b,l,201806011144
0.617390,0.000000,1527853509.961900,b,l,201806011145
0.617390,0.000000,1527853569.961900,b,l,201806011146
0.617390,0.000000,1527853629.961900,b,l,201806011147
0.617390,59.115000,1527853686.816900,b,l,201806011148
0.617740,33.178000,1527853689.723000,b,l,201806011148
0.617740,24.285000,1527853690.486800,b,l,201806011148
0.617750,8.893000,1527853690.491000,b,l,201806011148
0.617750,22.668000,1527853693.195400,b,l,201806011148
0.617770,33.179000,1527853693.210500,b,l,201806011148
0.617790,33.178000,1527853693.406800,b,l,201806011148
0.617900,54.215000,1527853693.414400,b,l,201806011148
0.617930,41.264000,1527853693.424900,b,l,201806011148
0.617940,31.556000,1527853693.428200,b,l,201806011148
0.618010,31.548000,1527853693.432100,b,l,201806011148
0.618020,59.058000,1527853693.434700,b,l,201806011148
0.618350,412.799993,1527853697.771300,b,l,201806011148
0.618360,2400.000000,1527853697.774600,b,l,201806011148
0.618360,182.532585,1527853697.777200,b,l,201806011148
0.618480,932.432000,1527853701.208200,b,l,201806011148
0.618490,182.533000,1527853701.211600,b,l,201806011148
0.618500,570.613581,1527853764.964200,b,l,201806011149
0.617210,0.000000,1527853824.964200,s,l,201806011150
0.617210,2400.000000,1527853897.712300,s,l,201806011151
0.617010,62.270000,1527853897.785900,s,l,201806011151
0.616960,150.000000,1527853897.789500,s,l,201806011151
0.616870,547.980236,1527853897.792300,s,l,201806011151
0.616870,1017.009764,1527853897.795000,s,l,201806011151
0.616870,1739.487000,1527853899.768000,s,l,201806011151
0.616870,294.098236,1527853902.533800,s,l,201806011151
0.616720,2400.000000,1527853902.541000,s,l,201806011151
0.616680,1864.864000,1527853902.544800,s,l,201806011151
0.616660,2409.228000,1527853902.547700,s,l,201806011151
0.616660,3265.863764,1527853902.550400,s,l,201806011151
0.616360,973.850000,1527853907.143900,s,l,201806011151
0.616220,998.000000,1527853917.166600,s,l,201806011151
0.616200,2711.960000,1527853917.173100,s,l,201806011151
0.616200,8481.203000,1527853921.118900,s,l,201806011152
0.616200,2100.000000,1527853921.874000,s,l,201806011152
0.616200,3027.757709,1527853922.364700,s,l,201806011152
0.615770,2409.228000,1527853922.576500,s,l,201806011152
0.615770,1749.210000,1527853922.579900,s,l,201806011152
0.615130,259.497532,1527853928.887300,s,l,201806011152
0.614800,4867.300000,1527853928.890400,s,l,201806011152
0.613620,4224.512400,1527853944.537100,s,l,201806011152
0.613500,3286.000000,1527853957.469600,s,l,201806011152
0.613480,932.432000,1527853958.613800,s,l,201806011152
0.613140,203.357615,1527853960.486200,s,l,201806011152
0.613000,729.074385,1527853960.490100,s,l,201806011152
0.613000,489.338336,1527853962.219200,s,l,201806011152
0.612300,1967.231600,1527853962.646400,s,m,201806011152
0.612280,602.307000,1527853962.649200,s,m,201806011152
0.612230,326.674880,1527853962.652300,s,m,201806011152
0.611690,98.088901,1527853962.655400,s,m,201806011152
0.611410,929.270831,1527853962.657900,s,m,201806011152
0.611070,325.426787,1527853962.661300,s,m,201806011152
0.611070,100.738081,1527853962.885100,s,m,201806011152
0.611070,0.261240,1527853962.889600,s,m,201806011152
0.611070,0.000677,1527853962.892000,s,m,201806011152
0.611070,0.000002,1527853962.894600,s,m,201806011152
0.610820,602.307000,1527853986.527200,s,l,201806011153
0.610000,1015.428000,1527853992.143000,s,l,201806011153
0.610000,72.810692,1527853992.153100,s,m,201806011153
0.610000,0.188817,1527853992.156400,s,m,201806011153
0.610000,0.000490,1527853992.159000,s,m,201806011153
0.610000,0.000001,1527853992.162200,s,m,201806011153
0.610000,2379.671224,1527854008.274000,s,m,201806011153
0.610000,5.328776,1527854008.276400,s,m,201806011153
0.610000,1743.980492,1527854013.567700,s,l,201806011153
0.610000,570.000000,1527854013.573100,s,l,201806011153
0.609240,250.000000,1527854020.413700,s,l,201806011153
0.609000,31.000000,1527854020.418100,s,l,201806011153
0.609530,1408.716092,1527854026.573600,s,l,201806011153
0.609530,1861.421810,1527854028.054900,s,m,201806011153
0.609530,4.456716,1527854028.058400,s,m,201806011153
0.609530,0.010671,1527854028.060700,s,m,201806011153
0.609530,0.000023,1527854028.063000,s,m,201806011153
0.609970,10000.000000,1527854031.882100,b,l,201806011153
0.609990,2142.046000,1527854031.885600,b,l,201806011153
0.609960,547.980236,1527854034.675300,b,l,201806011153
0.609990,3315.244000,1527854034.679600,b,l,201806011153
0.609990,1198.083067,1527854034.682200,b,l,201806011153
0.609990,1.913871,1527854034.684200,b,l,201806011153
0.609990,0.003057,1527854034.686500,b,l,201806011153
0.609990,0.000005,1527854034.688700,b,l,201806011153
0.610000,896.019508,1527854034.691100,b,l,201806011153
0.610470,1536.817444,1527854035.068500,s,l,201806011153
0.610600,148.731707,1527854087.098400,b,m,201806011154
0.609520,2566.961588,1527854127.136600,s,l,201806011155
0.610190,491.489048,1527854131.127200,b,l,201806011155
0.609070,0.000000,1527854191.127200,b,l,201806011156
0.609070,492.012989,1527854277.734300,b,l,201806011157
0.608800,1491.860000,1527854308.678500,b,l,201806011158
0.608560,17500.411098,1527854332.798300,s,l,201806011158
0.608310,5000.000000,1527854332.814000,s,l,201806011158
0.607600,4923.700000,1527854332.816500,s,l,201806011158
0.606700,21506.838544,1527854336.224700,b,l,201806011158
0.606700,12.896365,1527854336.232400,b,l,201806011158
0.606700,0.007733,1527854336.234800,b,l,201806011158
0.607790,547.980236,1527854365.347800,s,l,201806011159
0.607790,466.216000,1527854365.352400,s,l,201806011159
0.607780,17081.290764,1527854365.355500,s,l,201806011159
0.607780,1014.196236,1527854368.602300,s,l,201806011159
0.606690,805.331600,1527854374.386000,s,l,201806011159
0.606700,2580.042442,1527854375.715600,b,l,201806011159
0.606700,663.052052,1527854379.753400,b,l,201806011159
0.606000,252.032508,1527854397.796200,s,l,201806011159
0.605270,1587.000000,1527854403.700800,s,l,201806011200
0.605220,361.411000,1527854403.706900,s,l,201806011200
0.605200,3413.000000,1527854403.710800,s,l,201806011200
0.605210,494.486476,1527854411.536700,b,l,201806011200
0.605200,173.131325,1527854414.534100,s,m,201806011200
0.605200,0.448974,1527854414.538100,s,m,201806011200
0.605200,0.001164,1527854414.540400,s,m,201806011200
0.605200,0.000003,1527854414.543000,s,m,201806011200
0.605210,341.423000,1527854421.535100,b,l,201806011200
0.605400,4960.100000,1527854443.284600,b,l,201806011200
0.605450,3554.520000,1527854443.288900,b,l,201806011200
0.605490,7033.361000,1527854443.292400,b,l,201806011200
0.605490,2966.639000,1527854443.875200,b,l,201806011200
0.605820,3992.000000,1527854443.879200,b,l,201806011200
0.605830,115.212619,1527854443.882600,b,l,201806011200
0.605830,0.092096,1527854443.885900,b,l,201806011200
0.605830,0.000074,1527854443.888600,b,l,201806011200
0.605830,0.000000,1527854443.890500,b,l,201806011200
0.605830,1944.188211,1527854443.896000,b,l,201806011200
0.605480,547.980236,1527854445.444300,b,l,201806011200
0.605860,2253.293566,1527854445.447800,b,l,201806011200
0.605200,1413.418534,1527854447.706400,s,l,201806011200
0.605200,1094.501574,1527854447.721800,s,l,201806011200
0.605200,116.327606,1527854447.906700,s,l,201806011200
0.605210,1098.173134,1527854460.384700,s,l,201806011201
0.605200,3789.170820,1527854460.388300,s,l,201806011201
0.605020,112.656047,1527854460.391000,s,l,201806011201
0.606680,1789.047000,1527854461.773100,b,l,201806011201
0.606690,32.141000,1527854463.255700,b,l,201806011201
0.607170,245.250000,1527854464.394900,b,l,201806011201
0.607200,3132.752450,1527854467.794700,b,l,201806011201
0.607200,765.783932,1527854468.210900,b,l,201806011201
0.607420,39.482500,1527854516.729500,b,m,201806011201
0.607240,50.000000,1527854531.076100,b,m,201806011202
0.607240,494.038601,1527854557.835800,b,l,201806011202
0.607200,1276.362000,1527854565.816500,b,l,201806011202
0.607070,1276.361000,1527854570.403400,b,l,201806011202
0.607140,1276.361000,1527854573.829500,s,l,201806011202
0.607400,5000.000000,1527854576.214700,b,l,201806011202
0.607400,249.500000,1527854576.219500,b,l,201806011202
0.607930,33.719000,1527854580.336900,b,l,201806011203
0.608090,30.404000,1527854582.467200,b,l,201806011203
0.608080,30.421000,1527854587.452500,b,l,201806011203
0.608100,30.421000,1527854589.641500,b,l,201806011203
0.608090,30.421000,1527854592.749900,b,l,201806011203
0.608100,559.173000,1527854598.039500,b,l,201806011203
0.608090,1276.361000,1527854646.362000,s,l,201806011204
0.607870,364.681790,1527854647.409500,s,l,201806011204
0.607870,0.000210,1527854647.526500,b,l,201806011204
0.607930,622.524000,1527854649.222700,s,l,201806011204
0.607470,622.523203,1527854655.961600,s,l,201806011204
0.607010,494.225795,1527854705.870200,b,l,201806011205
0.607010,622.524000,1527854715.700900,b,l,201806011205
0.607000,1483.470000,1527854755.335000,s,l,201806011205
0.607160,0.000000,1527854815.335000,b,l,201806011206
0.607160,249.500000,1527854856.162200,b,l,201806011207
0.606680,2585.589000,1527854874.230600,s,l,201806011207
0.606800,4937.000000,1527854884.980900,b,l,201806011208
0.606990,45.303000,1527854884.987100,b,l,201806011208
0.606680,2285.071121,1527854900.182400,s,m,201806011208
0.606980,4960.000000,1527854904.572700,b,l,201806011208
0.606810,1018.018018,1527854905.891600,b,l,201806011208
0.606810,2681.224117,1527854927.906600,b,l,201806011208
0.606810,1300.757865,1527854928.296300,b,l,201806011208
0.607320,30.459000,1527854990.610400,b,l,201806011209
0.607340,32.103000,1527854990.614200,b,l,201806011209
0.607800,2519.464000,1527854997.619000,b,l,201806011209
0.608000,2519.464000,1527855002.729100,b,l,201806011210
0.608100,30.000000,1527855003.063400,b,l,201806011210
0.608100,2.066000,1527855004.577900,b,l,201806011210
0.608190,27.934000,1527855004.582600,b,l,201806011210
0.608190,23.856000,1527855009.738000,b,l,201806011210
0.608460,30.404000,1527855009.742300,b,l,201806011210
0.608600,4871.740000,1527855009.745400,b,l,201806011210
0.607680,80210.001600,1527855047.240300,s,l,201806011210
0.607360,0.000000,1527855107.240300,b,m,201806011211
0.607360,49.353800,1527855134.516500,b,m,201806011212
0.607360,63.385000,1527855178.961300,b,l,201806011212
0.607540,32.096000,1527855178.966700,b,l,201806011212
0.607550,32.092000,1527855178.969500,b,l,201806011212
0.607550,22.427000,1527855178.972200,b,l,201806011212
0.607550,7.573000,1527855179.565000,b,l,201806011212
0.607560,22.427000,1527855179.572500,b,l,201806011212
0.607560,8.019000,1527855185.354400,b,l,201806011213
0.607570,24.070000,1527855185.358100,b,l,201806011213
0.607570,6.376000,1527855187.068400,b,l,201806011213
0.607650,25.713000,1527855187.075500,b,l,201806011213
0.607450,30.450000,1527855217.872300,b,l,201806011213
0.607460,13.173000,1527855217.882600,b,l,201806011213
0.607460,30.450000,1527855223.095200,b,l,201806011213
0.607470,2681.224117,1527855227.630200,b,l,201806011213
0.607460,60.084000,1527855242.512400,b,l,201806011214
0.607350,960.037928,1527855246.390900,s,m,201806011214
0.607000,4927.100000,1527855246.404800,s,m,201806011214
0.606680,129.339879,1527855246.407800,s,m,201806011214
0.605840,3064.595700,1527855246.410700,s,m,201806011214
0.605830,547.980236,1527855246.414600,s,m,201806011214
0.605820,1246.508267,1527855246.418400,s,m,201806011214
0.605720,2685.795822,1527855246.422500,s,m,201806011214
0.605720,5.642168,1527855246.424900,s,m,201806011214
0.607160,5000.000000,1527855354.323300,s,l,201806011215
0.605450,58.129830,1527855378.287700,b,l,201806011216
0.605450,45.238639,1527855379.096300,b,l,201806011216
0.606600,1635.000000,1527855390.683400,b,m,201806011216
0.606390,0.000000,1527855450.683400,b,l,201806011217
0.606390,30.506000,1527855526.391000,b,l,201806011218
0.606540,32.146000,1527855535.283300,b,l,201806011218
0.606550,32.148000,1527855535.290500,b,l,201806011218
0.606990,0.000000,1527855595.290500,b,l,201806011219
0.606990,63.427000,1527855609.452800,b,l,201806011220
0.607150,32.112000,1527855609.457300,b,l,201806011220
0.607160,38.701000,1527855609.460300,b,l,201806011220
0.607170,1337.038338,1527855609.463000,b,l,201806011220
0.607160,32.113000,1527855628.152500,b,l,201806011220
0.607390,58.445000,1527855649.960300,b,l,201806011220
0.607400,2460.189590,1527855649.965700,b,l,201806011220
0.607380,32.102000,1527855651.637000,s,l,201806011220
0.607420,30.455000,1527855660.600800,b,l,201806011221
0.607430,30.455000,1527855660.613000,b,l,201806011221
0.607440,32.097000,1527855660.616000,b,l,201806011221
0.607450,53.500000,1527855660.619000,b,l,201806011221
0.607460,32.098000,1527855660.621900,b,l,201806011221
0.607470,99.247102,1527855660.624700,b,l,201806011221
0.607650,6.376000,1527855689.661100,b,l,201806011221
0.608390,32.049000,1527855689.666900,b,l,201806011221
0.608800,4932.600000,1527855693.446400,b,l,201806011221
0.609190,49.500000,1527855735.703100,s,m,201806011222
0.609200,1000.000000,1527855750.571400,b,l,201806011222
0.609200,30.367000,1527855763.034300,b,l,201806011222
0.609250,30.361000,1527855791.170400,b,l,201806011223
0.609260,34.468000,1527855791.176800,b,l,201806011223
0.609260,30.361000,1527855792.283700,b,l,201806011223
0.609270,30.361000,1527855792.293600,b,l,201806011223
0.609280,81.231000,1527855792.296600,b,l,201806011223
0.609280,141.953000,1527855796.271600,b,l,201806011223
0.609280,46.763000,1527855799.637500,b,l,201806011223
0.609280,46.763000,1527855801.627500,b,l,201806011223
0.609280,46.763000,1527855804.490300,b,l,201806011223
0.609280,46.763000,1527855806.673400,b,l,201806011223
0.609280,46.763000,1527855809.928000,b,l,201806011223
0.609280,46.763000,1527855811.640100,b,l,201806011223
0.609280,46.763000,1527855814.386600,b,l,201806011223
0.609200,5000.000000,1527855821.672700,b,l,201806011223
0.609270,30.360000,1527855821.685700,b,l,201806011223
0.609280,366.122000,1527855823.608900,b,l,201806011223
0.609390,46.763000,1527855823.615200,b,l,201806011223
0.610530,1936.000000,1527855875.286900,s,l,201806011224
0.610540,3777.627000,1527855944.164100,b,l,201806011225
0.610540,30.296000,1527855944.178700,b,l,201806011225
0.610530,49.500000,1527855946.427800,s,m,201806011225
0.610550,38.485000,1527856003.224200,b,m,201806011226
0.610570,10.868900,1527856003.235200,b,m,201806011226
0.610530,49.500000,1527856052.540900,s,m,201806011227
0.610530,2965.000000,1527856074.132700,s,l,201806011227
0.610000,40.983600,1527856087.913100,s,l,201806011228
0.607010,82.236840,1527856185.615700,b,l,201806011229
0.607010,1155.365370,1527856187.422400,b,l,201806011229
0.607010,164.609050,1527856201.843600,b,l,201806011230
0.607010,411.854820,1527856250.522800,b,l,201806011230
0.607010,411.854820,1527856257.373700,b,l,201806011230
0.607010,30.476000,1527856290.652400,b,l,201806011231
0.607180,46.934000,1527856294.402200,b,l,201806011231
0.607190,30.464000,1527856296.363000,b,l,201806011231
0.607200,46.934000,1527856296.375000,b,l,201806011231
0.607090,30.470000,1527856376.826400,b,l,201806011232
0.607110,32.115000,1527856384.373900,b,l,201806011233
0.607190,30.463000,1527856384.384300,b,l,201806011233
0.607200,4055.377382,1527856391.645000,b,m,201806011233
0.607190,30.465000,1527856402.596700,b,l,201806011233
0.607010,0.000000,1527856462.596700,b,l,201806011234
0.607010,164.690380,1527856510.181700,b,l,201806011235
0.607000,5000.000000,1527856518.464100,s,l,201806011235
0.606520,1000.000000,1527856583.339600,b,m,201806011236
0.606500,412.201150,1527856617.284300,b,l,201806011236
0.606430,412.201150,1527856630.558900,b,l,201806011237
0.605370,412.201150,1527856635.851900,b,l,201806011237
0.605370,64.346000,1527856642.134900,b,l,201806011237
0.605300,5000.000000,1527856666.139700,s,m,201806011237
0.605060,2729.131050,1527856666.143700,s,m,201806011237
0.605000,413.223140,1527856666.147300,s,m,201806011237
0.604800,4946.900000,1527856666.151000,s,m,201806011237
0.604680,99.226037,1527856666.153700,s,m,201806011237
0.604500,413.564920,1527856666.156400,s,m,201806011237
0.604240,3531.515395,1527856666.158900,s,m,201806011237
0.604240,9.158129,1527856666.160800,s,m,201806011237
0.604240,0.023749,1527856666.162700,s,m,201806011237
0.604240,0.000060,1527856666.164900,s,m,201806011237
0.606070,0.000000,1527856726.164900,b,l,201806011238
0.606070,0.000000,1527856786.164900,b,l,201806011239
0.606070,30.506000,1527856827.343900,b,l,201806011240
0.606070,6.613000,1527856835.960800,b,l,201806011240
0.606390,30.506000,1527856835.969800,b,l,201806011240
0.606470,30.502000,1527856835.972300,b,l,201806011240
0.606480,65.126000,1527856835.974700,b,l,201806011240
0.606490,32.149000,1527856835.977200,b,l,201806011240
0.606500,32.147000,1527856835.979700,b,l,201806011240
0.606460,63.483000,1527856841.765700,b,l,201806011240
0.606500,30.500000,1527856847.000900,b,l,201806011240
0.606510,32.149000,1527856847.793800,b,l,201806011240
0.606600,4907.951000,1527856847.797600,b,l,201806011240
0.606990,1069.245122,1527856892.754100,s,l,201806011241
0.606990,2.772828,1527856892.761300,s,l,201806011241
0.606990,0.007191,1527856892.763400,s,l,201806011241
0.606990,0.000009,1527856892.765500,s,l,201806011241
0.607000,30.477000,1527856924.452800,b,m,201806011242
0.607000,30.476000,1527856924.464400,b,m,201806011242
0.607000,30.474000,1527856924.468000,b,m,201806011242
0.607000,30.477000,1527856924.470800,b,m,201806011242
0.607000,28.096000,1527856924.473800,b,m,201806011242
0.607000,18.854000,1527856936.539100,b,l,201806011242
0.607000,32.124000,1527856936.547900,b,l,201806011242
0.607000,30.475000,1527856936.550700,b,l,201806011242
0.607000,0.919320,1527856936.553400,b,l,201806011242
0.607000,31.204680,1527856939.938400,b,l,201806011242
0.607000,32.121000,1527856939.945100,b,l,201806011242
0.607010,32.120000,1527857028.580400,b,l,201806011243
0.607100,30.469000,1527857028.584900,b,l,201806011243
0.607110,30.470000,1527857028.587600,b,l,201806011243
0.607000,100.000000,1527857063.847200,s,m,201806011244
0.606990,3927.974850,1527857063.856300,s,m,201806011244
0.606600,4929.900000,1527857063.859000,s,m,201806011244
0.606290,2102.555802,1527857063.861500,s,m,201806011244
0.606210,3050.595000,1527857063.865000,s,m,201806011244
0.605480,105.789000,1527857063.867600,s,m,201806011244
0.605480,2280.536048,1527857063.870200,s,m,201806011244
0.605400,1777.260000,1527857063.873000,s,m,201806011244
0.605370,30.000000,1527857063.876200,s,m,201806011244
0.605360,1695.389300,1527857063.878900,s,m,201806011244
0.606890,0.000000,1527857123.878900,b,l,201806011245
0.606890,5000.000000,1527857197.862100,b,l,201806011246
0.606890,2400.000000,1527857197.868300,b,l,201806011246
0.606890,32.129000,1527857197.871200,b,l,201806011246
0.606940,500.000000,1527857200.099400,b,l,201806011246
0.606940,411.861610,1527857212.706900,b,l,201806011246
0.606940,411.861610,1527857215.851100,b,l,201806011246
0.606930,1201.645302,1527857216.130000,s,l,201806011246
0.606930,2.354698,1527857216.133300,s,l,201806011246
0.606930,65.079000,1527857224.820600,b,l,201806011247
0.606940,346.782610,1527857224.886200,b,l,201806011247
0.607120,30.458000,1527857248.625000,b,l,201806011247
0.607120,0.009000,1527857255.753500,b,l,201806011247
0.607130,32.117000,1527857255.758500,b,l,201806011247
0.607150,30.466000,1527857255.761400,b,l,201806011247
0.607160,30.458000,1527857256.057600,b,l,201806011247
0.607160,1.656000,1527857260.606400,b,l,201806011247
0.607180,28.802000,1527857260.611000,b,l,201806011247
0.607180,3.312000,1527857270.411500,b,l,201806011247
0.607190,27.146000,1527857270.416000,b,l,201806011247
0.607190,3.321000,1527857275.767500,b,l,201806011247
0.607360,27.137000,1527857275.776400,b,l,201806011247
0.607360,4.965000,1527857277.653100,b,l,201806011247
0.607370,25.493000,1527857277.659400,b,l,201806011247
0.607370,4.965000,1527857282.060100,b,l,201806011248
0.607380,25.493000,1527857282.076800,b,l,201806011248
0.607380,6.611000,1527857300.579800,b,l,201806011248
0.607390,60.093000,1527857300.777300,b,l,201806011248
0.607880,82.236840,1527857389.620300,b,l,201806011249
0.607860,32.079000,1527857410.144700,b,m,201806011250
0.607870,28.738546,1527857410.151900,b,m,201806011250
0.607870,8.274454,1527857414.728000,b,l,201806011250
0.607880,38.809555,1527857414.732400,b,l,201806011250
0.607870,32.078000,1527857419.076300,b,l,201806011250
0.608200,32.058000,1527857490.398000,b,l,201806011251
0.608380,30.406000,1527857494.158300,b,l,201806011251
0.608410,164.338530,1527857521.877400,b,l,201806011252
0.608410,164.338530,1527857541.725400,b,l,201806011252
0.608550,36.971000,1527857586.884100,b,l,201806011253
0.608560,32.040000,1527857587.379700,b,m,201806011253
0.608590,30.397000,1527857587.383700,b,m,201806011253
0.608990,36.944000,1527857587.386300,b,m,201806011253
0.609190,30.367000,1527857587.388900,b,m,201806011253
0.609370,30.354000,1527857587.391400,b,m,201806011253
0.609380,31.995000,1527857587.393900,b,m,201806011253
0.609390,59.892000,1527857587.396700,b,m,201806011253
0.609390,44.076800,1527857587.399300,b,m,201806011253
0.609400,722.983851,1527857587.402100,b,m,201806011253
0.609390,30.353000,1527857617.853400,b,l,201806011253
0.609400,4206.916149,1527857618.584200,b,l,201806011253
0.609930,1116.611271,1527857618.587200,b,l,201806011253
0.609940,17050.116580,1527857618.589900,b,l,201806011253
0.609380,31.996000,1527857622.197500,b,l,201806011253
0.609940,3242.488000,1527857622.205600,b,l,201806011253
0.609800,242.616000,1527857628.818200,b,l,201806011253
0.609800,4668.284000,1527857631.868600,b,l,201806011253
0.610320,0.000000,1527857691.868600,b,m,201806011254
0.610320,0.000000,1527857751.868600,b,m,201806011255
0.610320,0.000000,1527857811.868600,b,m,201806011256
0.610320,0.000000,1527857871.868600,b,m,201806011257
0.610320,0.000000,1527857931.868600,b,m,201806011258
0.610320,0.000000,1527857991.868600,b,m,201806011259
0.610320,54.000000,1527858044.822100,b,m,201806011300
0.609440,0.000000,1527858104.822100,b,m,201806011301
0.609440,130.000000,1527858161.616500,b,m,201806011302
0.610330,0.000000,1527858221.616500,b,l,201806011303
0.610330,0.000000,1527858281.616500,b,l,201806011304
0.610330,0.000000,1527858341.616500,b,l,201806011305
0.610330,0.000000,1527858401.616500,b,l,201806011306
0.610330,0.000000,1527858461.616500,b,l,201806011307
0.610330,0.000000,1527858521.616500,b,l,201806011308
0.610330,0.000000,1527858581.616500,b,l,201806011309
0.610330,0.000000,1527858641.616500,b,l,201806011310
0.610330,0.000000,1527858701.616500,b,l,201806011311
0.610330,1000.000000,1527858735.154300,b,l,201806011312
0.610330,3000.000000,1527858758.741700,b,l,201806011312
0.610970,0.000000,1527858818.741700,s,l,201806011313
0.610970,3041.132600,1527858889.931700,s,l,201806011314
0.610970,1958.867400,1527858890.552700,s,l,201806011314
0.610940,214.721500,1527858910.721300,s,l,201806011315
0.610940,1958.868000,1527858911.170100,s,l,201806011315
0.610940,602.695902,1527858911.975800,s,l,201806011315
0.610940,215.312306,1527858912.105300,s,l,201806011315
0.610940,1743.555694,1527858912.153100,s,l,201806011315
0.610980,0.000000,1527858972.153100,b,l,201806011316
0.610980,0.000000,1527859032.153100,b,l,201806011317
0.610980,0.000000,1527859092.153100,b,l,201806011318
0.610980,0.000000,1527859152.153100,b,l,201806011319
0.610980,31.914000,1527859247.954000,b,l,201806011320
0.611000,49.920128,1527859247.962200,b,l,201806011320
0.611000,0.079745,1527859247.965200,b,l,201806011320
0.611000,0.000108,1527859247.967400,b,l,201806011320
0.610990,0.000000,1527859307.967400,s,l,201806011321
0.610990,0.000000,1527859367.967400,s,l,201806011322
0.610990,0.000000,1527859427.967400,s,l,201806011323
0.610990,0.000000,1527859487.967400,s,l,201806011324
0.610990,0.000000,1527859547.967400,s,l,201806011325
0.610990,0.000000,1527859607.967400,s,l,201806011326
0.610990,2088.246727,1527859634.253700,s,l,201806011327
0.610990,98.201280,1527859634.257800,s,l,201806011327
0.610940,264.846598,1527859643.440800,s,l,201806011327
0.610800,466.616517,1527859645.068800,b,l,201806011327
0.611000,449.930430,1527859650.225500,b,l,201806011327
0.611900,0.000000,1527859710.225500,b,l,201806011328
0.611900,0.000000,1527859770.225500,b,l,201806011329
0.611900,0.000000,1527859830.225500,b,l,201806011330
0.611900,2667.894695,1527859876.238600,b,l,201806011331
0.611750,129.792334,1527859882.977100,s,m,201806011331
0.611750,0.207336,1527859882.979700,s,m,201806011331
0.611750,0.000330,1527859882.981800,s,m,201806011331
0.611900,1065.000000,1527859897.877000,b,l,201806011331
0.611750,818.330600,1527859904.247200,s,l,201806011331
0.612000,47.236249,1527859916.868100,b,l,201806011331
0.612000,769.757211,1527859924.033000,b,l,201806011332
0.612200,816.993460,1527859925.302700,s,l,201806011332
0.612650,68.000000,1527859956.433800,b,m,201806011332
0.612600,600.075000,1527859964.429900,s,l,201806011332
0.612650,48.782082,1527859969.900700,b,l,201806011332
0.612600,0.000000,1527860029.900700,s,l,201806011333
0.612600,399.925000,1527860093.796300,s,l,201806011334
0.612550,5000.000000,1527860093.811500,s,l,201806011334
0.612500,0.000000,1527860153.811500,b,m,201806011335
0.612500,0.000000,1527860213.811500,b,m,201806011336
0.612500,81.632650,1527860232.412400,b,m,201806011337
0.612600,2068.367350,1527860232.428600,b,m,201806011337
0.612650,829.000000,1527860296.861300,b,m,201806011338
0.611800,98.071265,1527860309.126500,s,m,201806011338
0.611750,701.928735,1527860309.136300,s,m,201806011338
0.612000,163.398690,1527860351.821300,b,l,201806011339
0.612500,81.632650,1527860365.364500,b,l,201806011339
0.611880,98.058443,1527860435.782000,s,l,201806011340
0.611750,173.692195,1527860448.275300,s,l,201806011340
0.611120,1043.589896,1527860454.725700,s,l,201806011340
0.611310,5000.000000,1527860457.602700,b,l,201806011340
0.611650,3041.652000,1527860457.698300,s,l,201806011340
0.611650,10053.835000,1527860459.480000,s,l,201806011340
0.610030,3043.546400,1527860462.836000,b,l,201806011341
0.610030,39.317718,1527860466.096700,b,l,201806011341
0.610030,146.979880,1527860466.203200,b,l,201806011341
0.610030,1770.156002,1527860466.430900,b,l,201806011341
0.610030,964.117818,1527860476.308400,b,l,201806011341
0.610030,1648.000000,1527860479.961300,b,l,201806011341
0.610030,826.121482,1527860480.605400,b,l,201806011341
0.610030,203.928228,1527860483.578500,b,l,201806011341
0.610030,54.256156,1527860484.013100,b,l,201806011341
0.610030,138.001602,1527860484.519900,b,l,201806011341
0.610030,1165.574714,1527860485.193000,b,l,201806011341
0.610660,771.860060,1527860494.699000,b,l,201806011341
0.610660,54.256156,1527860496.586400,b,l,201806011341
0.610660,1032.000000,1527860497.829600,b,l,201806011341
0.610660,1302.000000,1527860499.681300,b,l,201806011341
0.610660,1399.000000,1527860514.611600,b,l,201806011341
0.610660,440.883784,1527860514.703200,b,l,201806011341
0.611000,660.116216,1527860514.707300,b,l,201806011341
0.611000,607.887597,1527860514.762800,b,l,201806011341
0.611000,0.607280,1527860514.765900,b,l,201806011341
0.611000,0.000607,1527860514.767900,b,l,201806011341
0.611140,2535.000000,1527860527.171300,b,l,201806011342
0.611140,2465.000000,1527860595.104500,b,l,201806011343
0.612370,245.442942,1527860596.494200,b,m,201806011343
0.611970,5000.000000,1527860616.776300,b,l,201806011343
0.612000,4900.800000,1527860696.153500,b,l,201806011344
0.612000,0.000000,1527860756.153500,b,l,201806011345
0.612000,4999.990000,1527860816.266400,b,l,201806011346
0.612180,310.000000,1527860827.226900,b,m,201806011347
0.611860,2396.166136,1527860839.678500,s,m,201806011347
0.611860,3.827741,1527860839.685000,s,m,201806011347
0.611860,0.006115,1527860839.687200,s,m,201806011347
0.611860,0.000008,1527860839.690000,s,m,201806011347
0.612180,4690.000000,1527860899.480700,b,l,201806011348
0.612300,5000.000000,1527860917.033700,b,l,201806011348
0.612180,2082.299650,1527860929.937600,b,m,201806011348
0.612000,5332.894435,1527860940.815000,b,l,201806011349
0.612000,7.455614,1527860940.838400,b,l,201806011349
0.612000,0.009950,1527860940.841000,b,l,201806011349
0.611860,2600.000000,1527861051.690000,s,l,201806011350
0.612180,0.000000,1527861111.690000,b,m,201806011351
0.612180,317.707700,1527861175.640100,b,m,201806011352
0.612180,1000.000000,1527861211.264400,b,l,201806011353
0.611650,4272.288000,1527861287.620800,s,l,201806011354
0.611150,66.118000,1527861287.623800,s,l,201806011354
0.611130,2261.594000,1527861287.626300,s,l,201806011354
0.612180,184.717818,1527861343.172900,b,l,201806011355
0.612180,1415.274831,1527861394.758400,b,l,201806011356
0.612390,31.840000,1527861398.578100,b,l,201806011356
0.612450,31.837000,1527861400.923900,b,m,201806011356
0.612590,31.830000,1527861400.933400,b,m,201806011356
0.612810,30.184000,1527861400.936200,b,m,201806011356
0.612820,31.816000,1527861400.938900,b,m,201806011356
0.612950,30.178000,1527861400.943900,b,m,201806011356
0.612960,36.704000,1527861400.946900,b,m,201806011356
0.612970,57.913000,1527861400.949700,b,m,201806011356
0.612980,39.966000,1527861400.952700,b,m,201806011356
0.612990,30.539742,1527861400.955300,b,m,201806011356
0.612990,1.268258,1527861403.943300,b,m,201806011356
0.613000,71.966217,1527861403.949000,b,m,201806011356
0.613000,0.114962,1527861403.951900,b,m,201806011356
0.613000,0.000181,1527861403.954500,b,m,201806011356
0.613150,343.031186,1527861403.958100,b,m,201806011356
0.612440,5000.000000,1527861452.689300,s,l,201806011357
0.612430,5000.000000,1527861501.654300,s,l,201806011358
0.612580,53.053000,1527861505.284400,b,l,201806011358
0.612580,2400.000000,1527861505.293700,b,l,201806011358
0.612590,35.095000,1527861505.296500,b,l,201806011358
0.612600,4894.700000,1527861505.299300,b,l,201806011358
0.612750,31.821000,1527861598.151200,b,l,201806011359
0.612760,54.667000,1527861598.548000,b,l,201806011359
0.612790,31.821000,1527861598.555200,b,l,201806011359
0.612820,0.102400,1527861598.558600,b,l,201806011359
0.612820,4008.056700,1527861599.041500,b,l,201806011359
0.613010,48.120000,1527861603.825500,b,l,201806011400
0.613120,30.171000,1527861607.307200,b,l,201806011400
0.613400,6969.819000,1527861607.316200,b,l,201806011400
0.613400,30.171000,1527861611.477300,b,l,201806011400
0.613520,170.339516,1527861631.141800,b,m,201806011400
0.613530,30.153000,1527861714.039000,b,l,201806011401
0.613590,0.000000,1527861774.039000,b,l,201806011402
0.613590,30.149000,1527861815.063200,b,l,201806011403
0.613600,30.147000,1527861815.070400,b,l,201806011403
0.613680,57.014353,1527861866.776100,b,l,201806011404
0.612820,0.000000,1527861926.776100,s,l,201806011405
0.612820,412.201150,1527861990.471900,s,l,201806011406
0.612670,981.000000,1527861991.928400,s,l,201806011406
0.612670,17.000000,1527861993.343900,s,l,201806011406
0.612660,964.000000,1527861993.347900,s,l,201806011406
0.612750,3915.760068,1527862037.182400,s,l,201806011407
0.612580,5000.000000,1527862064.646200,b,l,201806011407
0.612380,0.000000,1527862124.646200,b,l,201806011408
0.612380,0.000000,1527862184.646200,b,l,201806011409
0.612380,0.000000,1527862244.646200,b,l,201806011410
0.612380,0.000000,1527862304.646200,b,l,201806011411
0.612380,0.000000,1527862364.646200,b,l,201806011412
0.612380,41.636000,1527862412.896900,b,l,201806011413
0.612400,959.300601,1527862412.900000,b,l,201806011413
0.612380,30.207000,1527862472.347400,b,l,201806011414
0.612400,66.156200,1527862472.352100,b,l,201806011414
0.612290,222.961800,1527862476.754600,s,l,201806011414
0.612260,0.000000,1527862536.754600,b,m,201806011415
0.612260,0.000000,1527862596.754600,b,m,201806011416
0.612260,0.000000,1527862656.754600,b,m,201806011417
0.612260,31.845000,1527862715.733400,b,m,201806011418
0.612270,1.837418,1527862715.740200,b,m,201806011418
0.612270,28.375582,1527862716.633400,b,m,201806011418
0.612290,5.306836,1527862716.637500,b,m,201806011418
0.611620,933.294595,1527862760.119000,b,l,201806011419
0.611620,815.817117,1527862808.748600,b,l,201806011420
0.611620,139.994094,1527862814.684900,b,l,201806011420
0.611620,139.994094,1527862823.557500,b,l,201806011420
0.611620,257.108300,1527862833.381600,b,l,201806011420
0.611620,239.227928,1527862842.839300,b,l,201806011420
0.611620,1395.795896,1527862860.091700,b,l,201806011421
0.611620,31.877000,1527862896.289000,b,l,201806011421
0.611980,36.764000,1527862898.785000,b,l,201806011421
0.611960,0.000000,1527862958.785000,b,l,201806011422
0.611960,30.228000,1527863035.398500,b,l,201806011423
0.611960,14.708000,1527863035.686400,b,l,201806011423
0.611960,30.228000,1527863068.740500,b,l,201806011424
0.611960,78.683578,1527863068.793500,b,l,201806011424
0.611960,0.062897,1527863068.796100,b,l,201806011424
0.611960,0.000050,1527863068.798300,b,l,201806011424
0.611960,0.000000,1527863068.800400,b,l,201806011424
0.611970,30.228000,1527863077.218000,b,l,201806011424
0.611990,54.736000,1527863077.432100,b,l,201806011424
0.612000,31.857000,1527863086.747800,b,l,201806011424
0.611710,0.000000,1527863146.747800,s,m,201806011425
0.611710,0.000000,1527863206.747800,s,m,201806011426
0.611710,1555.954524,1527863222.075500,s,m,201806011427
0.611710,4.034991,1527863222.081500,s,m,201806011427
0.611710,0.010464,1527863222.084000,s,m,201806011427
0.611710,0.000021,1527863222.087000,s,m,201806011427
0.611710,0.000000,1527863282.087000,s,m,201806011428
0.611710,840.000000,1527863385.893700,s,m,201806011429
0.611600,59.844405,1527863385.930400,s,m,201806011429
0.611600,0.155192,1527863385.933900,s,m,201806011429
0.611600,0.000402,1527863385.936100,s,m,201806011429
0.611600,0.000001,1527863385.938100,s,m,201806011429
0.612080,0.000000,1527863445.938100,b,l,201806011430
0.612080,0.000000,1527863505.938100,b,l,201806011431
0.612080,0.000000,1527863565.938100,b,l,201806011432
0.612080,30.222000,1527863603.000000,b,l,201806011433
0.612280,33.477000,1527863694.771700,b,l,201806011434
0.612280,50.000000,1527863694.775000,b,l,201806011434
0.612300,49.810000,1527863694.777700,b,l,201806011434
0.612310,31.841000,1527863694.780400,b,l,201806011434
0.612320,31.841000,1527863694.783000,b,l,201806011434
0.612330,30.211000,1527863694.785500,b,l,201806011434
